3462 5312
580 400 892 498 ’-Ι-53,

175 614 349 678 Nominum
377 611 525 698 Oetaeae
549 621 581 678 et
606 615 722 698 Tegeac
746 614 934 680 terminatio
959 614 1105 696 genetivi
1134 615 1286 696 apoctis
1312 617 1403 682 iacta

176 728 226 786 est
249 722 424 786 secundum
449 741 520 786 eam
545 721 660 802 legem,
686 739 760 803 qua,
786 726 945 802 utsupra
969 721 1122 804 diximus
1147 741 1275 804 semper
1298 723 1402 788 nomi·
1518 787 1522 796 ,

175 847 261 910 num,
288 847 422 908 quorum
444 827 666 894 nominativus
684 828 830 895 Graecus
854 828 888 893 in
912 851 949 893 -a
975 828 1053 909 exit,
1078 828 1266 910 genetivum
1282 829 1403 895 Latine

175 936 345 1000 flexerunt.
402 935 538 1000 Illorum
574 953 700 1015 quoque
734 935 899 1001 nominum
936 935 1057 1002 Graeci
1097 935 1293 1002 nominativi
1325 942 1403 1001 sunt

176 1039 327 1128 Ὀρτυγία
351 1049 384 1106 et
412 1039 524 1125 Τεγέα,
557 1042 612 1121 qui
644 1043 737 1107 metri
770 1062 870 1107 causa
902 1042 984 1107 iacti
1015 1049 1090 1108 sunt
1117 1038 1244 1126 onyae
1274 1041 1400 1107 aSilio

175 1149 294 1214 Italico
327 1149 407 1216 XIV
429 1148 494 1213 515
530 1156 562 1213 et
598 1150 691 1233 Tegee
725 1169 745 1214 a
780 1149 885 1214 Statio
911 1148 1010 1214 Theb.
1043 1148 1093 1214 XI
1121 1150 1191 1213 177.
1251 1148 1401 1214 Ceterum

175 1256 243 1322 alia
267 1257 426 1336 quaedam
450 1275 549 1321 causa
574 1254 677 1322 fuisse
701 1256 840 1336 videtur,
866 1275 930 1336 qua
954 1262 1133 1322 commotus
1156 1255 1282 1322 Statius
1306 1255 1400 1321 Lati-

174 1383 250 1430 num
282 1363 470 1445 genetivum
504 1363 655 1429 adhibuit
690 1363 811 1448 Tegeae.
865 1363 956 1428 Idem
990 1362 1076 1428 enim
1108 1368 1206 1444 poeta
1240 1363 1401 1430 Graecam

176 1473 315 1536 formam
345 1491 409 1536 non
439 1476 634 1552 aspernatus
659 1478 722 1553 est,
754 1489 850 1550 quam
878 1471 913 1536 in
937 1471 1116 1537 Thebaidis
1146 1469 1276 1550 quidem
1304 1489 1402 1537 versu

174 1579 238 1646 VII
263 1579 284 1643 5
314 1578 422 1644 vocali
453 1578 667 1660 postulatam,
707 1578 812 1644 altero
843 1578 915 1643 loco
947 1578 998 1643 IX
1021 1578 1087 1643 846
1123 1597 1182 1660 per
1213 1577 1401 1660 analogiam

175 1686 297 1751 factam
323 1685 480 1751 servavit.
527 1684 650 1750 Tamen
680 1683 864 1750 invenimus
888 1685 1045 1750 Latinam
1071 1685 1210 1751 formam
1235 1684 1270 1749 in
1293 1683 1402 1751 Silva-

174 1812 245 1857 rum
269 1811 366 1858 versu
391 1791 407 1856 I
431 1793 461 1872 4,
480 1792 539 1857 21:

389 1905 445 1965 aad
467 1901 571 1966 mitem
596 1899 714 1983 Tegeae
736 1898 886 1965 Dircesve
908 1899 1055 1966 hortabor
1077 1900 1251 1982 alatrinum,

176 2035 272 2096 quam
309 2014 451 2081 fortasse
487 2015 615 2081 Graeca
654 2014 840 2095 insequenti
874 2015 998 2079 nomini
1034 2014 1164 2081 obicere
1202 2014 1322 2096 voluit,
1361 2035 1402 2080 nc

172 2123 342 2204 utriusque
366 2122 508 2189 nominis
532 2121 661 2188 Graeca
684 2122 831 2204 genetivi
854 2121 1043 2188 terminatio
1068 2144 1115 2188 -es
1140 2122 1174 2188 in
1198 2122 1266 2188 arsi
1290 2121 1400 2204 posita

172 2231 259 2296 male
282 2235 416 2296 sonaret
425 2227 460 2315 ¹).

263 2337 345 2402 Item
379 2356 417 2402 ea
449 2336 596 2418 nemina,
630 2354 765 2416 quorum
797 2336 1018 2404 nominativus
1049 2356 1177 2418 semper
1206 2336 1400 2402 Latinorum

174 2445 224 2511 ori
248 2446 424 2526 adoptatus
449 2451 507 2524 est,
537 2443 636 2508 etiam
661 2444 849 2525 genetivum
865 2444 986 2509 Latine
1010 2445 1181 2526 flexerunt,
1205 2444 1400 2525 praesertim

173 2572 246 2618 cum
271 2551 380 2617 omnia
404 2551 474 2616 fere
498 2551 601 2616 Lerna
618 2551 768 2633 Nympha
792 2551 939 2633 exceptis
963 2550 1168 2633 appellativa
1184 2551 1259 2616 sint.
1293 2551 1399 2616 Unum

173 2664 344 2740 exceptum
369 2657 553 2723 invenimus
576 2658 765 2740 genetivum
789 2659 935 2743 Mycenes
959 2659 1046 2740 apud
1061 2658 1232 2725 Valerium
1245 2657 1400 2723 Flaccum

174 2766 294 2846 Vasa,
319 2765 411 2830 cuius
434 2764 667 2846 nominativus
693 2772 728 2829 ut
744 2765 863 2830 Latine
888 2764 1131 2846 terminaretur,
1156 2764 1243 2830 ratio
1260 2764 1399 2830 metrica

173 2871 363 2955 postulabat
386 2891 501 2938 versus
525 2871 663 2937 alterius
687 2872 843 2937 carminis
868 2872 1081 2952 Priapeorum
1106 2871 1249 2938 LXXV:

386 2989 505 3054 Icinoni
528 2989 641 3054 Sanaos
663 2991 691 3056 ἐι
713 2989 848 3072 Mycena
872 2990 956 3055 atae

260 3105 383 3171 Eorum
408 3105 546 3185 denique
570 3105 745 3184 nominum,
770 3124 905 3184 quorum
931 3104 1152 3170 nominativus
1176 3105 1270 3169 modo
1295 3103 1399 3170 Grae-

171 3232 242 3278 cam
266 3214 360 3278 modo
377 3213 532 3277 Latinam
557 3212 821 3277 terminationem
838 3215 984 3293 praebet,
1009 3211 1182 3293 genetivus
1206 3216 1264 3276 aut
1287 3212 1399 3276 eadem

172 3320 265 3384 modo
289 3317 434 3400 fluctuat,
460 3325 517 3384 aut
541 3319 644 3384 solam
662 3319 823 3385 Graecam
848 3325 905 3384 aut
928 3318 1032 3384 solam
1056 3317 1212 3383 Latinam
1235 3317 1398 3382 rationem

171 3426 328 3505 sequitur.
377 3426 539 3492 Graecam
570 3425 833 3491 terminationem
867 3445 995 3506 semper
1025 3431 1242 3491 servaverunt
1274 3426 1400 3490 formae

173 3533 324 3615 Antiopes
348 3534 458 3612 (Mart.
484 3533 500 3597 Ι
524 3535 576 3615 92,
595 3534 627 3611 6)
652 3539 684 3598 et
707 3532 855 3598 Dodones
879 3533 971 3617 (Luc.
997 3532 1159 3614 111441).
1208 3532 1272 3598 Sed
1295 3532 1399 3596 nomi-

171 3639 278 3706 nativi
311 3641 424 3705 horum
460 3640 625 3706 nominum
656 3639 778 3705 Latina
814 3639 921 3705 forma
955 3658 1019 3704 non
1053 3639 1222 3705 invenitur
1256 3638 1321 3704 nisi
1356 3639 1399 3702 iis

171 3746 268 3828 locis,
304 3747 422 3827 quibus
458 3749 576 3828 pendet
611 3747 663 3814 vel
699 3767 739 3812 ex
772 3766 886 3812 versus
921 3752 1088 3812 structura
1123 3746 1278 3828 (Dodona
1312 3746 1400 3826 apud

171 3854 339 3919 Lucanum
367 3854 416 3921 VI
438 3855 503 3918 427
540 3860 572 3919 et
606 3854 747 3920 Statium
771 3853 872 3920 rheu.
897 3853 950 3918 ΙΙΙ
977 3853 1056 3935 106)
1098 3853 1150 3920 vel
1185 3873 1226 3917 ex
1261 3852 1399 3918 elisione

171 3961 328 4045 (idatiano
366 3962 453 4043 apud
491 3961 640 4027 Persium
673 3960 784 4046 178).
839 3962 1019 4026 Praeterea
1058 3961 1219 4026 Graecam
1261 3959 1399 4024 formam

170 4067 318 4134 Dodones
343 4068 468 4134 vocalis
492 4068 647 4150 postulat,
673 4087 756 4148 quae
780 4067 937 4148 sequitur.

260 4175 289 4238 E
325 4175 490 4241 contrario
526 4175 752 4257 genetivorum
789 4176 909 4241 Aetnae
943 4175 1051 4242 Oratae
1085 4174 1229 4240 Hecubae
1260 4173 1399 4239 Helenae

171 4281 305 4363 Spartae
328 4281 524 4346 nominativi
549 4283 678 4348 (iraeca
704 4283 811 4347 forma
834 4281 917 4346 satis
942 4287 993 4346 est
1016 4281 1177 4345 inusitata
1200 4298 1303 4359 neque
1328 4279 1397 4360 ple·

171 4407 305 4468 rumque
329 4388 394 4453 nisi
419 4396 521 4454 metro
546 4389 713 4470 postulata
737 4389 919 4454 adhibetur.

263 4593 281 4662 ¹)
301 4593 343 4649 uf.
363 4609 388 4662 p.
406 4595 462 4648 lat.
