3452 5316
446 617 511 684 Sub
542 618 638 682 finem
670 616 795 698 dialogi
818 617 1063 698 Theophrastus
1095 617 1216 684 victum
1246 637 1281 682 se
1309 616 1479 698 professus
1508 637 1577 699 per-

357 744 489 790 suasum
513 726 613 790 babet
637 725 746 790 omnia
770 743 853 805 quae
877 725 1060 790 Euxitheus
1087 724 1211 789 dixerit
1234 743 1313 790 vera
1337 744 1408 790 esse
1432 732 1576 790 exctisat-

356 851 418 912 que
441 852 532 898 suam
558 835 599 897 ab
617 831 796 896 Academia
820 832 1038 897 defectionem
1062 832 1173 898 verbis
1197 831 1356 912 Platonis
1381 832 1502 914 quippe
1524 832 1576 911 qui

356 938 519 1004 monuerit
541 938 698 1019 homines
725 947 760 1003 ut
783 939 848 1004 sibi
866 939 1031 1020 tantisper
1055 942 1327 1020 obtemperarent,
1353 941 1427 1004 dum
1452 939 1576 1020 sapien-

358 1046 423 1111 tior
440 1045 603 1127 quispiam
627 1053 812 1128 appareret.
840 1047 1011 1112 Neminem
1035 1051 1143 1111 autem
1160 1045 1393 1127 sapientiorem
1418 1065 1489 1111 esse
1505 1047 1575 1110 deo:

357 1172 443 1253 'iim
477 1168 573 1236 ’Λλλά
597 1168 738 1258 χαιρέτω
766 1169 827 1255 μὲν
851 1168 941 1236 ’Λκα-
997 1172 1078 1252 Rep.
1102 1171 1284 1235 111388h*
1311 1175 1373 1236 Δεῖ
1396 1168 1433 1235 δὲ
1453 1194 1489 1253 γε
1510 1167 1576 1249 οὐχ,

400 1277 520 1366 δημιά,
551 1274 636 1364 πρὸς
667 1276 789 1343 ἐκεῖνον
818 1277 854 1344 δὲ
885 1280 940 1344 ἰἰιι-
1041 1275 1086 1352 ὠς
1116 1273 1191 1364 ἄριί
1222 1274 1299 1364 ἡμῖν
1330 1275 1348 1341 ὁ
1376 1274 1470 1361 λόγος
1498 1275 1577 1363 ε’σὴ-

401 1409 471 1468 μεν.
518 1382 629 1460 saeba·
658 1380 720 1472 γὰρ
751 1383 768 1450 ὁ
800 1383 942 1451 Πλάτων
1040 1403 1172 1467 μαινεν·
1218 1373 1244 1469 ᾧ
1272 1383 1475 1462 πειστέον,
1510 1382 1578 1459 ἕως

400 1491 497 1578 μέχρι
533 1490 652 1558 τούτου
687 1489 810 1559 κελεύει
844 1492 941 1558 πεί·
1041 1489 1087 1556 ἄν
1116 1517 1167 1568 τις
1200 1490 1285 1580 ἡμᾶς
1315 1488 1403 1577 ἄλλῳ
1436 1490 1578 1557 καλλίονι

400 1607 553 1666 θεσθαι
585 1596 757 1678 Πλάτωνι,
796 1597 866 1676 ἕως
898 1596 943 1665 dv
1041 1598 1152 1686 πείσῃ.

402 1704 504 1772 αὐτοῦ
528 1705 718 1796 σοφώτερος
741 1704 903 1795 ἀναφανῇ.

356 1817 423 1896 ihre
456 1811 539 1880 α’λλὰ
567 1815 622 1881 καὶ
646 1812 802 1880 Πλάτωνι
832 1817 983 1880 συνδοκεῖ
1009 1820 1080 1890 τοῖς
1108 1811 1211 1880 αἰτοῦ
1238 1814 1480 1888 πείθεσθαι,
1512 1811 1579 1887 ἕως

403 1917 447 1986 ἂν
476 1917 649 2009 θειότερος
679 1918 860 2010 ἄνθριιιιιυς
891 1918 1072 2008 ἀναφανεὶς
1107 1918 1187 1986 atho
1215 1917 1361 2008 τάληθὲς
1397 1918 1578 2006 ἑκδιδάσκῃ,

403 2017 429 2112 ᾧ
452 2026 610 2116 προσήκει
633 2027 735 2095 πάλιν
759 2026 975 2095 συνέπεσθαι.

447 2155 499 2218 Ad
523 2155 603 2220 haec
626 2155 810 2220 lduritheus
835 2155 931 2220 valde
955 2155 1090 2236 gavisus
1114 2161 1223 2220 monet
1245 2154 1524 2236 Theophrastum,
1547 2162 1579 2219 ut

358 2279 466 2325 secum
495 2261 661 2327 sacrificia
692 2262 838 2326 immolet
861 2262 945 2343 Deo,
978 2262 1035 2327 sed
1064 2279 1127 2326 non
1157 2280 1246 2326 more
1275 2279 1480 2342 paganorum
1508 2281 1579 2327 san-

357 2368 557 2450 guinolenta,
587 2370 646 2434 sed
669 2369 812 2434 animum
836 2387 952 2450 purum
977 2368 1218 2448 virtutibusque
1243 2369 1302 2433 deo
1327 2368 1478 2433 similem.
1519 2368 1578 2431 Im-

358 2475 474 2540 mundo
500 2475 586 2539 enim
610 2477 762 2540 mundum
787 2475 951 2556 attingere
974 2475 1070 2540 nefas
1094 2494 1175 2540 esse.
1215 2473 1363 2540 Similem
1387 2476 1578 2539 sententiam

357 2583 549 2664 pronuntiat
558 2583 654 2648 Plato
668 2583 894 2648 demonstrans
905 2601 1016 2648 veram
1035 2582 1206 2647 scientiam
1220 2581 1324 2647 solum
1338 2582 1579 2662 adipiscendam

359 2708 430 2755 esse
453 2689 638 2754 hominibus
663 2693 705 2754 ab
729 2690 816 2754 omni
833 2689 1016 2770 cupiditate
1040 2696 1072 2754 et
1095 2689 1243 2770 corporis
1267 2688 1400 2754 insania
1415 2689 1580 2754 liberatis:

360 2816 450 2895 78,ιο
491 2812 555 2901 Μὴ
586 2817 747 2902 καθαρῷ
777 2810 847 2901 γὰρ
878 2837 942 2879 κα·
998 2814 1219 2879 Phaedulss
1243 2811 1307 2900 Μὴ
1328 2817 1493 2900 καθαρῷ
1515 2811 1580 2896 γὰρ

403 2925 542 3009 θαροῦ
592 2919 846 3008 ἐφάπτεσθαι
898 2919 944 2986 οὐ
1042 2925 1223 3007 καθαροῦ
1254 2917 1511 3005 ἐφάπτεσθαι
1539 2915 1580 3005 μὴ

402 3027 571 3112 θεμιτὸν
595 3021 679 3094 εἶναι
704 3029 882 3111 νομίζεται.
1043 3025 1088 3092 oc'·
1111 3025 1279 3110 θεμιτὸν
1301 3019 1332 3115 ᾗ.

447 3156 566 3219 Restat
583 3160 618 3218 ut
634 3155 780 3220 breviter
792 3155 1112 3235 comprehendamus,
1131 3153 1208 3233 quid
1225 3153 1416 3233 quaestione
1433 3153 1579 3219 effectum

360 3263 414 3328 sit.
462 3262 606 3326 Exstant
637 3261 870 3326 similitudines
900 3261 1069 3325 maiores
1101 3261 1187 3325 inter
1210 3261 1522 3341 Theophrastum
1551 3267 1579 3324 et

358 3369 540 3433 Platonis
566 3368 776 3450 Timaeum,
801 3368 1027 3448 Phaedrum,
1052 3367 1361 3449 Rempublicam,
1388 3368 1578 3450 Gorgiam,

359 3475 619 3554 Phaedonem,
659 3474 925 3556 Protagoram.
996 3475 1113 3554 Itaque
1152 3495 1244 3540 nemo
1284 3475 1452 3540 dubitabit
1507 3474 1578 3554 quin

359 3583 489 3647 Aeneas
518 3582 595 3647 illos
623 3582 773 3663 dialogos
803 3582 930 3664 legerit.
978 3583 1008 3647 Ε
1040 3582 1158 3647 ceteris
1190 3587 1298 3646 autem
1323 3581 1481 3664 dialogis,
1513 3581 1578 3662 qui-

358 3692 418 3755 bus
449 3690 606 3754 minorem
638 3691 800 3770 quandam
832 3689 1080 3756 similitudinem
1112 3709 1182 3754 esse
1211 3709 1283 3754 cum
1307 3690 1440 3755 Aeneae
1471 3688 1578 3755 libello

360 3798 553 3878 invenimus,
579 3797 650 3864 veri
675 3803 725 3863 est
752 3796 955 3862 simillimum
980 3798 1124 3862 Aeneam
1153 3796 1310 3862 hausisse.
1351 3797 1434 3864 Sunt
1458 3803 1577 3863 autem:

358 3906 496 3988 Leges,
531 3905 741 3986 PolitieuS,
771 3904 1015 3987 Conuiuium,
1046 3905 1178 3987 LysiS,
1215 3904 1402 3986 Epistula
1427 3911 1577 3984 quarta,

359 4013 638 4095 Euthydemus
672 4012 843 4094 Hippias
874 4013 1004 4076 maior.
1064 4013 1214 4078 Ceterum
1247 4031 1310 4076 non
1338 4013 1495 4078 habemus
1526 4028 1579 4076 cur

359 4119 539 4186 iudicemus
565 4120 709 4185 Aeneam
732 4119 877 4200 reliquos
903 4120 1052 4185 Platonis
1075 4119 1178 4184 libros
1202 4139 1266 4184 rron
1290 4120 1431 4184 novisse.

449 4228 502 4292 Ex
530 4227 581 4292 his
606 4247 688 4307 quae
713 4227 783 4291 dixi
807 4227 890 4293 satis
914 4235 1067 4308 apparet,
1098 4229 1255 4308 quomodo
1280 4227 1410 4293 Aeneas
1439 4246 1515 4292 usus
1538 4225 1578 4290 sit

359 4335 506 4401 Platone.

858 4459 910 4526 lle
934 4460 1139 4527 Aristotele.

450 4587 496 4652 Ut
534 4591 641 4650 autem
677 4586 731 4650 hic
766 4592 898 4650 exstant
932 4585 1093 4667 plurimae
1130 4585 1372 4667 similitudines,
1413 4586 1462 4651 ita
1498 4583 1577 4650 nihil
