3442 5324
959 403 1000 468 10

363 615 537 680 consilium
564 615 764 698 Argivorum
794 617 1025 700 communicet,
1058 625 1157 699 atque
1186 619 1225 685 de
1255 619 1329 702 ipsa
1360 639 1421 686 ara
1451 620 1587 687 classem

340 721 506 787 nostium
540 723 718 805 conspicit;
759 742 864 805 neque
894 724 961 791 alio
989 744 1061 792 sese
1092 726 1267 792 conserunt
1296 745 1415 809 praeeo
1446 727 1504 794 ille
1534 735 1590 795 aut

363 848 423 894 rex
447 829 656 912 Argivorum.

452 936 502 1001 De
533 936 739 1003 Persarum
768 957 847 1004 vero
878 957 999 1005 scaena
1029 941 1252 1007 testimonium
1283 947 1408 1024 exstat3
1450 963 1526 1009 nam
1556 943 1589 1008 in

363 1051 555 1128 argumento
585 1045 744 1127 scriptum
771 1045 911 1128 legimus
942 1047 1019 1113 hoc:
1060 1048 1116 1113 καὶ
1144 1045 1235 1115 ε”στιν
1263 1046 1283 1136 ἡ
1310 1047 1371 1133 μὲν
1403 1047 1504 1138 σκηνὴ
1532 1053 1590 1115 τοῦ

363 1148 533 1239 δράματος
555 1147 648 1239 παρὰ
671 1153 719 1236 τῷ
740 1149 838 1240 τάφῳ
854 1152 1009 1241 Δαρείου.
1056 1155 1186 1222 Fabula
1210 1157 1296 1222 onim
1320 1157 1453 1224 ineunte
1473 1159 1589 1224 chorus
1697 1147 1698 1186 Ὗ

362 1278 475 1326 senum
498 1259 705 1326 Persicorum
735 1261 772 1325 in
800 1279 952 1328 scaenam
980 1263 1144 1343 procedit,
1176 1269 1213 1329 ut
1241 1265 1281 1330 de
1309 1263 1444 1331 fortuna
1467 1265 1589 1332 Xerxis
1697 1345 1698 1352 ρ

363 1366 497 1446 eiusque
521 1365 685 1433 exercitus
701 1366 916 1448 colloquatur.
957 1368 1059 1452 Quem
1083 1370 1119 1435 in
1139 1369 1245 1437 locum
1262 1372 1485 1454 convenerint,
1510 1372 1588 1439 solis
1697 1381 1698 1384 ’

361 1472 414 1539 his
437 1474 549 1540 verbis
573 1473 783 1556 significatur
805 1474 859 1540 vel
883 1475 993 1557 potius
1018 1476 1203 1544 occultatur
1224 1499 1255 1545 v.
1276 1479 1444 1545 140-41:

629 1595 700 1665 ἀλλ’
722 1595 790 1684 ἄγε,
815 1597 957 1690 Πέρσαι,
981 1598 1050 1668 τόδ’
1073 1599 1257 1686 ἐνεζόμενοι

630 1705 766 1791 στέγος
788 1703 1001 1795 α’ρχαῖονῑ).

451 1831 554 1916 Quem
570 1831 677 1899 locum
700 1851 773 1900 cum
790 1835 907 1900 chorus
924 1853 1025 1916 usque
1049 1836 1092 1902 ad
1107 1835 1256 1902 fabmam
1280 1841 1453 1902 exeuntem
1468 1842 1586 1919 teneat,

362 1959 472 2005 omnes
496 1958 655 2021 personae
678 1940 771 2006 adire
788 1942 923 2024 debent;
956 1952 1055 2022 atquc
1080 1943 1179 2008 etiarn
1196 1945 1318 2010 Atossa
1333 1949 1507 2026 postquam
1530 1963 1588 2026 per
1697 2017 1698 2020 Ἴ

361 2045 511 2112 nuntium
535 2049 574 2113 de
590 2047 765 2114 Persarum
789 2055 901 2131 strage
918 2049 1040 2116 certior
1064 2048 1155 2116 faeta
1180 2057 1238 2134 est,
1263 2071 1299 2118 se
1314 2051 1491 2118 sacrificiis
1515 2069 1587 2132 per·

362 2153 460 2220 fectis
477 2173 517 2220 en
534 2155 669 2221 aedibus
685 2155 789 2238 regiis
805 2157 868 2221 hnc
883 2156 1065 2223 redituram
1081 2175 1153 2223 esse
1164 2157 1340 2240 pollicetur
1352 2160 1394 2241 (v.
1405 2157 1585 2242 523424):

629 2276 745 2346 ἔπειτα
768 2283 808 2369 γῇ
829 2304 865 2346 τε
887 2281 944 2347 καὶ
966 2287 1108 2370 φθιτοῖς
1131 2280 1310 2370 δωρήματα

630 2383 696 2474 ἥξω
720 2387 870 2473 λαβοῦσα
892 2386 1035 2455 πέλανον
1058 2387 1098 2474 έξ
1123 2391 1239 2455 οἲκων
1262 2387 1339 2474 έμιῖ
1344 2415 1371 2457 ν.

361 2505 468 2584 Atque
492 2505 578 2585 quod
600 2504 753 2586 promisit
776 2505 909 2588 peragit
931 2525 961 2572 v.
979 2506 1127 2572 607—9:

629 2616 745 2711 τοιγὰρ
768 2617 928 2688 κέλευθον
950 2619 1040 2710 τήνδ’
1055 2620 1133 2689 ἄνευ
1156 2619 1186 2688 τ’
1202 2621 1377 2711 ὀχημάτων

627 2729 742 2816 χλιδῆς
763 2751 800 2795 τε
823 2731 882 2817 τῆς
905 2726 1072 2817 πάροιθεν
1096 2728 1138 2796 έκ
1161 2728 1290 2815 δόμων
1313 2729 1415 2799 πάλιν

628 2831 759 2903 ἔστειλα
783 2888 789 2900 .
817 2889 824 2904 .
850 2887 857 2902 .

449 2951 495 3017 nt
522 2953 564 3018 ad
592 2953 679 3018 idem
710 2951 871 3038 ..calyce
898 2951 1091 3043 α’ρχαῑον“
1119 2957 1248 3024 Xerxes
1277 2957 1416 3040 ipsoex
1445 2956 1581 3026 Graecia

361 3077 513 3125 reversus
537 3079 573 3126 se
593 3058 732 3142 confert,
757 3069 794 3126 ut
817 3080 890 3127 cum
906 3063 1005 3129 choro
1029 3063 1155 3130 cladem
1179 3063 1273 3130 illam
1288 3072 1453 3146 queratur.
1492 3063 1582 3132 Vidi-
1697 3095 1698 3160 3

360 3185 431 3232 mus
455 3167 568 3248 igitur,
593 3167 628 3232 id
651 3170 737 3248 quod
760 3175 952 3252 argumento
977 3168 1116 3237 fulcitur
1139 3177 1239 3252 atque
1263 3175 1504 3255 comprobatur,
1527 3190 1582 3254 per
1697 3199 1698 3248 q

359 3278 463 3339 totam
486 3273 648 3341 actionem
672 3276 778 3340 locum
803 3296 873 3343 esse
897 3279 1033 3344 eundem
1044 3276 1078 3364 ²).
1697 3297 1698 3304 ¹

449 3381 563 3463 Neque
594 3382 629 3448 ln
659 3383 890 3451 Prometheo
921 3403 1075 3451 scaenam
1104 3386 1228 3452 mutari
1262 3387 1338 3452 inde
1368 3386 1581 3470 colligendum

360 3495 420 3572 est,
444 3491 530 3570 quod
553 3489 766 3557 Prometheus
795 3492 869 3574 rupi
898 3490 1022 3559 affixus
1050 3498 1153 3560 totam
1176 3513 1236 3576 per
1264 3494 1412 3560 fabulam
1435 3512 1580 3562 scaenam

359 3595 493 3683 tenctl).

448 3705 488 3770 In
515 3704 671 3787 Septem
694 3725 772 3774 vero
801 3706 917 3774 fabula
947 3727 1019 3774 cum
1047 3727 1152 3790 neque
1182 3715 1281 3792 poeta
1311 3707 1383 3789 ipse
1413 3707 1503 3774 clare
1530 3726 1579 3774 er-

360 3813 470 3896 plicet‚
496 3832 590 3894 quem
613 3814 720 3880 locum
745 3815 837 3880 urbis
853 3816 1040 3882 Thebarum
1063 3822 1266 3898 spectatores
1290 3815 1480 3899 conspicere
1496 3817 1579 3883 vide-

360 3926 458 3987 antur
481 3939 584 4001 neque
608 3928 800 4005 argumento
824 3923 997 4004 quicquam
1022 3924 1105 3990 certi
1128 3924 1332 4006 proferatur,
1358 3923 1393 3989 in
1417 3941 1479 4004 quo
1503 3922 1579 4006 legi-

361 4077 570 4085 ,.-.,-.-.-......

452 4163 470 4232 ¹)
491 4163 633 4231 WIeseler,
662 4162 835 4232 „Scaeniea“‚
861 4163 960 4220 Naehr.
975 4165 999 4220 d.
1015 4164 1091 4220 Gdtt.
1106 4165 1168 4222 Ges.
1190 4163 1272 4234 1890,
1297 4181 1323 4236 p.
1337 4163 1439 4232 acam.
1481 4164 1577 4219 Beden-

360 4254 463 4308 steiner
488 4253 505 4308 l.
521 4269 543 4307 ο.
566 4271 592 4322 p.
605 4254 667 4308 649.
705 4254 841 4323 Iorento,
870 4253 1045 4324 „Saenirches
1072 4271 1107 4310 au
1126 4254 1286 4324 Aeschylus’
1305 4255 1449 4324 Peraern“,
1476 4254 1578 4308 Wiener

360 4342 436 4398 Stud.
457 4343 553 4398 XXIII
570 4361 595 4412 p.
610 4343 663 4399 213
673 4359 712 4411 aq.

449 4432 470 4501 ¹)
490 4433 532 4487 ef.
552 4433 698 4488 Potitio.
718 4449 743 4502 p.
757 4434 810 4489 516
820 4449 868 4503 σα,
887 4440 916 4490 et
934 4435 1132 4505 Wilamowitu,
1150 4435 1242 4490 Herm.
1262 4433 1369 4490 XXXII
1387 4451 1413 4504 p.
1426 4435 1524 4500 aaasq.

448 4521 469 4590 ⁸)
489 4521 563 4576 Todt
581 4522 598 4578 l.
614 4539 635 4579 c.
655 4539 681 4592 p.
694 4524 806 4591 seseq„
830 4527 859 4578 et
878 4524 994 4593 Robert,
1016 4525 1083 4595 „Die
1102 4525 1229 4580 Saenerie
1248 4525 1295 4580 des
1315 4525 1396 4592 Alea,
1421 4524 1468 4579 der
1486 4523 1574 4578 Eirene

359 4611 415 4665 und
435 4610 482 4666 des
502 4611 708 4682 Prometheus“‚
728 4614 818 4671 Herm.
838 4613 930 4669 XXXI
949 4631 973 4684 p.
987 4616 1039 4670 561
1051 4631 1090 4682 sq.
