3522 5310
731 299 942 406 ,ΔΞ-ζ-

335 499 402 564 Sed
426 511 637 580 revertamur,
663 499 750 564 unde
775 499 980 564 defleximus,
1018 499 1060 563 In
1084 498 1265 562 Platonis
1289 499 1425 562 Prota-

245 628 338 692 gora
362 605 518 692 dialogo
544 609 608 692 qui
632 607 680 671 ad
704 605 905 692 sophistas
931 615 1099 692 spectat,
1132 605 1176 668 de
1207 604 1292 670 loco
1323 616 1423 669 oom-

246 716 350 777 muni
385 713 627 800 disputatur,
668 714 769 800 quod
809 715 899 799 quin
936 713 1140 799 sophistae
1177 713 1322 776 totiens
1362 711 1423 775 vel

247 842 400 905 semper
428 821 598 884 fecerint
625 820 726 885 haud
756 820 936 904 dubito.¹)

334 928 436 992 Recte
459 927 582 992 iudicat
604 926 797 992 Plutarchus
815 926 975 992 Alexand.
997 929 1013 990 1
1041 931 1111 996 οὔτε
1134 939 1202 1006 ταῖς
1226 932 1423 1020 ἐπιφανεστά-

245 1062 313 1115 ταις
350 1039 476 1125 πράξεσι
514 1042 634 1116 πάντως
672 1039 770 1104 ἔνεστι
807 1041 941 1119 δήλωσις
980 1038 1090 1126 ἀρετῆς
1127 1039 1145 1118 ἢ
1182 1040 1301 1113 κακίας,
1342 1037 1424 1102 ἀλλὰ

245 1154 395 1233 πρᾶγμα
424 1147 538 1234 βραχὺ
569 1151 747 1224 πολλάκις
778 1151 838 1213 καὶ
866 1149 960 1235 ῥῆμα
988 1149 1039 1210 καὶ
1065 1149 1171 1211 παιδιά
1194 1168 1239 1221 τις
1266 1143 1424 1232 ἔμφασιν

245 1252 361 1333 ἤθους
384 1254 541 1334 ἐποίησε.
579 1249 672 1314 Talia
696 1248 815 1336 placita
831 1249 1062 1336 pertractanda
1078 1249 1239 1334 imprimis
1256 1246 1423 1333 sophistae

248 1354 454 1440 colligebant,
478 1366 576 1442 atque
601 1379 836 1444 nonnunquam
855 1379 929 1421 cum
955 1357 1050 1420 (lictis
1075 1357 1206 1420 nomina
1231 1375 1344 1418 eorum
1369 1356 1424 1440 qui

246 1462 328 1526 haec
352 1463 652 1548 pronuntiaverant,
678 1463 904 1529 offerebantur.
944 1464 985 1527 Et
1009 1461 1073 1527 illis
1097 1461 1300 1548 temporibus
1324 1457 1424 1524 multa

246 1568 495 1656 proverbialiter
530 1568 617 1635 dicta
651 1581 707 1636 aut
742 1581 875 1637 auctore
911 1573 1005 1656 priva
1041 1572 1072 1635 in
1101 1571 1232 1634 nomina
1262 1567 1423 1632 clarorum

247 1677 390 1740 virorum
417 1678 472 1762 qui
496 1685 609 1758 τελέως
630 1686 861 1772 πεπαιδευμένοι
883 1677 1082 1764 putabantur
1106 1689 1138 1739 et
1161 1675 1248 1740 dicta
1272 1686 1327 1739 aut
1349 1697 1422 1761 pro-

246 1784 476 1848 nuntiaverant
506 1794 562 1848 aut
592 1787 823 1870 pronuntiasse
852 1784 1131 1863 existimabantur,
1157 1791 1315 1866 congesta
1338 1793 1423 1862 sunt,

246 1913 352 1979 neque
377 1893 455 1977 quin
479 1892 718 1976 posterioribus
743 1892 945 1978 temporibus
970 1893 1067 1956 etiam
1091 1889 1186 1976 plura
1208 1888 1422 1954 transferren-

246 2006 299 2061 tur
315 1997 385 2062 ficri
402 2000 514 2084 potuit.
551 1997 617 2064 Sed
642 1999 730 2064 dicta
754 2010 918 2087 tamquam
944 1997 1274 2083 dcxographicam
1298 2005 1423 2081 partem

247 2116 443 2190 quaerentes
466 2127 508 2169 ne
533 2115 684 2170 auctores
709 2107 841 2192 quidem
868 2129 980 2171 eorum
1004 2115 1170 2191 tamquam
1195 2101 1423 2187 biographi·

247 2234 327 2275 cam
364 2210 532 2298 sophistae
568 2212 794 2298 neglexerunt.
840 2214 955 2300 Neque
987 2213 1072 2276 enim
1102 2220 1227 2297 septem
1257 2212 1423 2295 sapientes

248 2320 269 2381 ii
295 2329 388 2383 erant
411 2321 467 2403 qui
491 2319 570 2383 nihil
594 2320 742 2386 facerent
764 2323 829 2386 nisi
853 2321 939 2385 diota
961 2321 1218 2406 pronuntiarent.
1244 2327 1299 2381 aut
1323 2314 1425 2401 philo-

247 2425 343 2511 sophi
360 2425 473 2511 quales
491 2425 582 2491 Plato
602 2430 633 2492 in
649 2428 830 2493 Theaeteto
850 2429 911 2492 173
927 2451 976 2513 sq.
994 2426 1178 2512 descripsit,
1206 2424 1265 2488 sed
1286 2434 1321 2487 ut
1337 2424 1424 2488 omni

248 2533 395 2598 doctrina
430 2535 582 2598 instructi
615 2537 659 2598 ita
694 2538 725 2598 in
757 2535 856 2600 rebus
889 2549 921 2598 et
952 2537 1020 2598 vita
1044 2535 1174 2612 versati,
1210 2529 1423 2616 quamobrem

247 2639 387 2705 absoluti
422 2651 455 2705 et
489 2642 627 2728 perfecti
652 2645 818 2728 sapientes
851 2641 1006 2727 sophistis
1036 2650 1136 2722 eraut,
1163 2641 1218 2725 qui
1243 2639 1423 2702 doctrinam

249 2747 429 2834 pronihilo
461 2749 628 2834 putabant,
658 2751 720 2813 nisi
753 2750 794 2813 od
830 2772 925 2814 usum
962 2749 1239 2832 adiungeretur.'·'t
1287 2746 1423 2830 Itaque

249 2853 453 2940 sophistas
484 2858 520 2919 in
550 2868 698 2941 septem
732 2858 970 2942 sapientium
1002 2852 1162 2918 fabellis
1194 2851 1423 2916 excolendis

247 2959 403 3025 multum
464 2961 645 3026 valuisse
704 2987 745 3026 ex
804 2965 891 3026 omni
950 2961 1076 3025 illorum
1140 2961 1289 3024 doctriua
1347 2981 1422 3022 con·

249 3065 381 3132 cludere
403 3090 590 3154 possumus,
617 3092 815 3156 quamquam
840 3072 979 3134 certiora
994 3069 1181 3133 testimonia
1197 3067 1316 3130 desunt
1361 3063 1422 3129 Ca·

340 3338 358 3403 ¹)
379 3333 419 3388 Of.
441 3335 525 3388 etiam
546 3335 644 3397 Mases,
665 3335 781 3388 Hermes
801 3335 882 3387 XXII
902 3335 994 3400 (1887)
1013 3353 1040 3404 p.
1060 3335 1121 3389 585.
1159 3331 1266 3391 Novak.
1285 3332 1383 3386 Jahrb.
1404 3331 1423 3385 f.

248 3423 345 3476 Philol.
366 3424 498 3492 Supplbd.
519 3423 588 3476 Xlll
607 3424 700 3486 (1884,
719 3443 746 3492 p.
767 3425 827 3478 468.

339 3514 360 3580 ²)
379 3511 420 3566 Of.
440 3512 544 3582 Bergk,
569 3513 677 3567 Griech.
703 3514 850 3582 Litteratg.
871 3513 908 3581 ΙΙ,
928 3515 993 3566 412:
1032 3512 1279 3582 „Charaktervolle
1299 3509 1424 3570 Milnner.

249 3603 352 3655 welche
377 3603 482 3655 daruals
510 3603 550 3656 als
575 3603 770 3671 Gesetzgeher‚
800 3604 945 3670 liegenteu
976 3604 1043 3656 odor
1071 3605 1150 3657 sonet
1176 3602 1215 3655 im
1243 3600 1424 3654 bilentlichsn

250 3691 343 3745 haben
362 3691 457 3761 castig
475 3707 576 3756 varen,
597 3691 694 3746 hatten
710 3693 786 3746 disse
802 3691 929 3760 Aulgabe
945 3693 1069 3747 deutlich
1082 3691 1221 3761 begriffcn
1235 3691 1292 3744 und
1306 3691 1424 3744 suohten

248 3798 313 3846 nun„
333 3781 429 3835 indam
448 3781 488 3835 sie
508 3783 573 3834 sehr
593 3775 664 3834 wohl
684 3782 849 3846 erkannten,
869 3783 933 3835 dass
947 3783 1034 3836 selbst
1048 3782 1094 3835 dic
1114 3782 1193 3836 besie
1209 3781 1424 3848 Gasetagebung

249 3861 449 3937 unzulhnglich¹
467 3870 514 3934 sei,
539 3871 626 3924 durch
650 3871 712 3925 eine
737 3873 862 3938 gesundo
883 3871 972 3925 Mornl
996 3871 1047 3925 auf
1068 3872 1118 3925 das
1138 3871 1207 3924 Volk
1229 3869 1423 3924 einzuwirken.

249 3959 324 4012 Dazu
352 3960 516 4014 erachienen
544 3961 629 4014 ihuen
659 3961 742 4014 lurae
763 3961 964 4030 'Denkspriiche
993 3963 1032 4014 als
1057 3962 1106 4014 das
1125 3961 1303 4028 gceignetste
1322 3959 1424 4024 Mittor,

249 4048 300 4102 vie
316 4049 349 4118 ja
369 4049 422 4101 scit
442 4050 532 4103 Altero
552 4050 628 4103 diosc
649 4051 887 4118 Spruolnveisheit
910 4051 955 4103 boi
976 4051 1029 4104 dan
1051 4051 1183 4104 Hellenen
1205 4049 1424 4118 lrochgesch'rttat

249 4137 351 4191 wurds.
390 4138 426 4191 Es
445 4139 505 4191 sind
526 4139 688 4208 pralrtisohs
708 4141 922 4208 Lebensregeln¹
952 4140 997 4193 die
1025 4139 1106 4193 einen
1135 4139 1196 4193 lilar
1225 4137 1422 4206 verstiindigeu

250 4227 329 4280 (laist
349 4230 444 4280 atmcn
463 4229 521 4282 und
540 4246 594 4282 von
614 4228 739 4282 scharfer
754 4229 957 4297 Beobachtung
977 4247 1095 4298 zeugen;
1115 4230 1142 4281 in
1163 4229 1328 4295 blindigster
1341 4227 1423 4281 Form

249 4315 516 4383 zusammengefasst
543 4316 641 4370 hasten
667 4317 743 4372 disse
764 4317 977 4386 Sittenspriiche
1003 4318 1087 4371 leicht
1115 4318 1152 4369 im
1173 4317 1355 4378 Geditohtnis,
1383 4316 1423 4369 sie

249 4405 363 4460 wurden
384 4406 471 4459 daher
490 4406 556 4460 bald
576 4406 724 4474 lligentnm
744 4410 792 4461 der·
812 4425 918 4475 genuen
939 4407 1040 4461 Nation
1066 4408 1122 4459 und
1146 4407 1281 4460 srhielten
1303 4407 1349 4460 dar
1370 4415 1424 4460 An-

251 4494 359 4548 ‹lenlren
377 4495 461 4564 jener
479 4496 645 4549 verdiautsn
666 4496 784 4550 Mttnuer
803 4498 846 4551 bsi
868 4498 917 4549 der
936 4495 1089 4552 Naohwslt.
1127 4497 1180 4550 Mit
1200 4497 1290 4550 lteoht
1309 4497 1422 4550 worden

245 4585 313 4653 jona
333 4601 382 4639 vor
402 4585 473 4638 allen
493 4585 613 4638 anderen
639 4584 729 4638 Weise
748 4591 900 4654 genannt“.
