3428 5310
960 338 981 401 4

865 430 1075 438 ----—.-

624 547 708 636 λέγει
731 547 887 640 μεγίστην
910 549 1099 641 προσβολὴν
1121 548 1272 633 Ἀχαιίδα

623 663 899 747 νυκτηγορεῖσθαι
921 656 1175 746 κόπιβουλεύειν
1198 656 1304 726 πόλει.

355 765 469 846 Neque
501 765 716 832 dubitandum
749 773 799 832 est
838 767 917 848 quin
949 773 1044 834 vates
1080 767 1149 833 illis
1184 768 1224 834 dc
1254 767 1403 834 consiliis
1440 765 1577 833 bostium

356 891 468 956 regem
483 879 579 940 nocte
603 873 677 956 ipsa
693 874 877 956 edocuerit;
902 893 976 940 nam
993 875 1146 941 Eteocles
1170 875 1283 941 statim
1298 873 1432 940 nuntios
1447 873 1579 939 miserat

357 980 414 1060 qui
438 980 591 1061 quidnam
616 986 755 1064 agerent
780 983 892 1048 hostes
915 983 1138 1063 disquirerent
1164 980 1207 1068 (v.
1225 981 1268 1048 36
1280 980 1352 1067 sq).
1400 982 1479 1048 Mox
1502 999 1579 1046 nun-

356 1088 422 1154 tius
452 1089 557 1155 redux
586 1087 696 1155 factus
726 1089 827 1172 longa
857 1089 1006 1156 oratione
1035 1090 1182 1172 explicat
1212 1109 1251 1156 ea
1279 1107 1363 1170 quae
1386 1094 1482 1156 vates
1511 1088 1579 1154 uni-

356 1213 452 1262 verse
474 1196 741 1280 significaverat:

399 1323 430 1370 v.
455 1304 603 1371 40-41:
642 1300 708 1391 ἥκω
733 1307 824 1394 σαφῆ
846 1301 1002 1370 τάκεῖθεν
1025 1301 1060 1370 ἐκ
1085 1307 1229 1393 στρατοῦ
1252 1301 1363 1393 φέρων

625 1408 727 1489 αὐτὸς
749 1409 916 1501 κατόπτης
939 1409 968 1478 δ’
984 1408 1049 1496 εἴμ’
1072 1409 1133 1496 ἐγὼ
1157 1415 1222 1476 τῶν
1244 1408 1457 1499 πραγμάτων.

356 1518 420 1586 Sed
454 1537 527 1584 cum
562 1538 627 1585 non
654 1519 814 1586 credibile
849 1519 895 1585 sit
920 1520 1089 1586 Eteoclem
1125 1519 1215 1586 cives
1246 1527 1346 1586 noctu
1373 1536 1578 1599 convocasse,

356 1626 513 1708 sequitur,
537 1627 685 1693 utactio
710 1625 844 1692 fabulae
867 1627 962 1694 brevi
977 1633 1053 1709 post
1075 1626 1159 1692 lucis
1183 1633 1290 1692 ortum
1314 1625 1472 1709 incipiat;
1503 1643 1579 1705 qua-

320 1810 323 1814 ,
356 1751 427 1798 cum
471 1752 507 1799 re
546 1733 709 1800 consentit
747 1735 833 1815 quod
871 1736 982 1801 eodem
1021 1739 1167 1818 tempore
1209 1733 1345 1800 nuntius
1384 1753 1424 1798 ex
1463 1731 1579 1798 castris

355 1840 498 1906 bostium
520 1841 617 1907 redit.

445 1947 575 2014 Deinde
607 1949 714 2015 oratio
749 1952 791 2015 ab
825 1948 961 2015 Eteocle
992 1949 1036 2014 ad
1068 1948 1201 2015 chorum
1234 1947 1364 2030 habita,
1403 1946 1579 2030 descriptio

355 2060 480 2138 septem
504 2056 620 2121 ducum
637 2055 846 2138 Argivorum,
872 2056 1006 2122 nuntius
1030 2055 1152 2122 allatus
1177 2055 1300 2120 fratres
1323 2073 1395 2121 sese
1419 2053 1453 2119 in
1477 2053 1579 2121 vicem

356 2161 565 2229 interfecisse
589 2201 631 2210 —
656 2163 765 2230 omnia
781 2163 869 2229 inter
891 2182 926 2230 sc
942 2164 1024 2229 adeo
1049 2163 1224 2229 coniuncta
1240 2168 1325 2244 sunt,
1350 2169 1387 2227 ut
1405 2161 1579 2228 absurdum

356 2277 455 2352 esset,
487 2269 516 2334 si
540 2270 614 2350 quis
637 2270 706 2337 ullo
737 2270 871 2336 fabulae
898 2270 970 2336 loco
994 2271 1137 2352 spatium
1165 2270 1262 2336 unius
1285 2268 1339 2336 vel
1366 2267 1579 2351 complurium

356 2378 482 2444 dierum
505 2377 736 2460 interpositum
759 2397 830 2444 esse
853 2384 994 2461 putaret.

445 2485 515 2550 Iam
550 2491 588 2550 ut
621 2485 664 2550 ad
699 2485 901 2552 Oresteam
932 2492 1112 2567 transeam,
1151 2483 1247 2550 initio
1281 2481 1578 2566 Agamemnonis

357 2591 490 2658 fabulae
514 2598 641 2657 noctem
665 2611 737 2658 csse
761 2611 785 2684 ο1
801 2593 913 2659 verbis
937 2592 1082 2658 custodis
1106 2591 1312 2674 intellegitur
1335 2591 1403 2655 his:

451 2720 481 2766 v.
507 2701 544 2764 4:
569 2695 722 2788 ἄστρων
744 2696 882 2766 κάτοιδα
906 2695 1100 2788 νυκτέρων
1123 2696 1322 2786 ὁμήγυριν.

357 2825 387 2872 v.
401 2805 546 2872 26-28:
570 2801 808 2891 Ἀγαμέμνονος
830 2806 957 2890 γυναικί
983 2804 1133 2892 σημαίνω
1156 2807 1262 2892 τορῶς

570 2910 683 3001 εὐνῆς
706 2911 996 2980 ἐπαντείλασαν
1019 2910 1064 2990 ως
1086 2910 1186 2994 τάχος
1209 2909 1326 2994 δόμοις

569 3017 749 3104 ὀλολυγμὸν
774 3073 827 3087 ...
853 3017 1080 3110 ἐπορθιάζειν.

356 3127 464 3206 Atque
503 3126 587 3192 idern
621 3129 864 3194 demonstratur
897 3128 1048 3194 versibus
1084 3127 1276 3191 121223.
1331 3125 1445 3206 Neque
1477 3125 1577 3190 lucem

355 3232 470 3314 procul
494 3236 610 3300 abesse
633 3253 749 3300 versus
773 3236 890 3300 docent
914 3233 1077 3316 264-65,
1102 3233 1220 3314 quibus
1244 3239 1354 3298 custos
1377 3231 1485 3313 cupit:

569 3337 743 3426 εὐάγγελος
765 3337 836 3423 μέν,
860 3338 973 3429 ὥσπερ
998 3337 1017 3428 ἡ
1040 3338 1217 3429 παροιμία,

569 3444 641 3524 ἕως
662 3445 817 3532 γένοιτο
840 3444 989 3536 μητρὸς
1012 3443 1207 3536 εὐφρόνης
1229 3443 1346 3535 πάρα.

357 3554 421 3620 Sed
444 3553 542 3636 paulo
565 3561 641 3636 post
664 3553 750 3620 diem
774 3553 956 3620 clarescere
979 3573 1077 3621 versu
1101 3554 1165 3620 279
1190 3552 1371 3619 indicatur:

569 3659 627 3749 τῆς
651 3663 708 3726 νῦν
730 3657 918 3748 τεκούσης
941 3664 1023 3750 φῶς
1045 3657 1123 3728 τόδ’
1147 3657 1342 3750 εὐφρόνης
1364 3658 1457 3745 λέγω.

444 3769 553 3848 Atque
577 3768 676 3834 ctiam
700 3768 911 3849 sequentibus
927 3769 1077 3835 versibus
1101 3769 1237 3834 eundem
1254 3768 1339 3833 diem
1362 3774 1461 3849 atque
1484 3773 1574 3834 antea

355 3875 476 3958 teneri,
508 3874 564 3955 qui
595 3883 646 3940 est
675 3875 746 3942 dies
774 3883 850 3958 post
879 3875 1012 3941 Troiam
1047 3880 1190 3957 captam,
1223 3894 1240 3941 c
1269 3876 1380 3942 verbis
1410 3876 1500 3941 cbori
1527 3873 1573 3939 bis

355 3983 582 4065 cognoscimus
606 3983 649 4068 (v.
667 3983 852 4068 489-92);

568 4086 640 4170 τάχ’
664 4087 849 4174 εἰσόμεσθα
872 4086 1057 4173 λαμπάδων
1080 4086 1283 4179 φαεσφόρων

570 4200 788 4286 φρυκτωριῶν
810 4222 847 4262 τε
870 4197 924 4264 καὶ
948 4195 1054 4284 πυρὸς
1076 4193 1301 4285 παραλλαγάς,

571 4300 631 4369 εἴτ’
656 4295 714 4370 οὐν
737 4301 880 4392 α’ληθεῖς
902 4301 961 4370 εἴτ’
984 4301 1162 4394 ὀνειράτων
1186 4303 1279 4392 δίκην

569 4408 710 4500 τερπνόν
731 4409 801 4478 τόδ’
825 4409 925 4478 ἐλθόν
949 4415 1021 4500 φιῦς
1045 4408 1213 4501 ἐφήλωσεν
1237 4409 1371 4501 φρένας.

355 4520 557 4604 Quibuscum
578 4520 729 4588 versibus
758 4520 966 4586 consentiunt
992 4520 1057 4586 loci
1081 4520 1131 4585 hi:
1165 4539 1195 4586 v.
1215 4520 1379 4585 476-77.
1405 4520 1478 4585 522.
1503 4515 1569 4583 530.
