3452 5314
657 385 864 484 ,Α

429 597 644 664 Graecam*
858 669 865 682 ,
1016 598 1178 665 Graecam

388 704 652 770 erminationem:
802 669 899 735 ¹⁰⁰¹S²
959 705 1239 772 terminationem:

223 830 311 912 81,4
380 853 420 904 ας
458 848 542 894 nom.
809 830 896 912 34,5
965 856 984 918 η
1046 831 1110 897 abl.
1137 830 1234 916 (nom.
1252 829 1285 918 η)

224 939 309 1018 78,9
379 961 418 1024 ην
459 955 526 1002 acc.
553 935 700 1024 (nomn)
811 938 898 1020 28,3
966 961 1003 1002 ov
1046 957 1113 1004 acc.

223 1045 310 1124 aab
371 1067 433 1119 ειυς
457 1063 529 1126 gen.
810 1045 897 1127 26,3
966 1068 1002 1120 ος
1044 1063 1117 1128 gen.

223 1150 311 1232 68,0
379 1173 416 1216 on
459 1169 542 1217 nom.
591 1177 594 1181 ·
811 1152 896 1234 18,8
965 1176 1002 1228 ος
1046 1172 1130 1218 nom.

223 1258 310 1338 aab
380 1283 398 1345 r,
459 1258 524 1323 abl.
550 1257 715 1346 (nomer)
812 1261 896 1340 ll,3
966 1283 1007 1324 av
1045 1279 1112 1325 acc.
1138 1259 1287 1345 (noma)

222 1367 306 1446 62,1
379 1389 417 1452 ης
457 1385 529 1446 gen.
832 1367 898 1448 0,0
966 1391 996 1432 ει
1047 1369 1112 1432 dat.

221 1473 309 1553 51,2
379 1497 410 1537 ιν
458 1491 525 1537 acc.

215 667 312 734 locis:
373 710 386 769 t

650 1760 802 1857 Caput
830 1763 872 1836 ll.

144 1917 295 2002 Quibus
326 1917 459 1984 causis
486 1924 627 2000 poetae
655 1919 818 1984 Romani
848 1926 889 1985 ut
920 1920 1225 1988 terminationes
1249 1923 1371 1989 Grae-

448 2044 513 2091 cas
541 2031 750 2092 servarent
773 2027 953 2092 commoti
977 2027 1067 2092 sint.

233 2168 372 2234 Peracto
397 2169 501 2250 primo
525 2169 644 2251 capite,
670 2169 790 2250 inquo
816 2170 854 2234 de
878 2189 1011 2236 numero
1037 2170 1201 2237 nominum
1227 2173 1370 2238 Graeco-

142 2295 215 2341 rum
232 2294 321 2341 more
338 2276 586 2342 terminatorum
603 2282 636 2341 et
652 2277 691 2341 de
707 2276 799 2358 lociS,
824 2277 942 2358 quibus
959 2277 1180 2360 inveniuntur,
1205 2280 1287 2344 satis
1305 2279 1371 2346 dis-

143 2383 287 2449 seruisse
311 2383 410 2448 nobis
423 2384 580 2464 videmur,
605 2403 779 2466 pergamus
804 2385 845 2449 ad
869 2384 1018 2466 alterum,
1043 2385 1078 2450 in
1094 2405 1156 2466 quo
1181 2387 1372 2452 conabimur

144 2490 302 2556 nonnulla
330 2490 450 2556 afferre
474 2491 513 2556 de
537 2490 661 2572 causis,
694 2491 811 2572 quibus
839 2497 954 2573 poetas
978 2501 1155 2558 commotos
1183 2512 1254 2558 esse
1278 2499 1370 2575 pute-

142 2619 225 2680 muS,
251 2606 287 2664 ut
310 2599 456 2665 Graecas
480 2598 729 2665 terminationes
753 2605 934 2665 servarent.
983 2600 1046 2666 Sed
1074 2600 1140 2666 iam
1164 2600 1335 2667 Snielrotta
1348 2599 1369 2686 ¹)

143 2708 184 2771 de
219 2705 271 2770 his
306 2708 404 2771 rebus
439 2705 489 2771 ita
520 2705 602 2788 egit,
639 2714 674 2771 ut
708 2706 788 2772 mihi
824 2707 858 2771 id
891 2712 1017 2773 tantum
1047 2707 1207 2788 reliquum
1240 2707 1299 2790 sit,
1335 2712 1372 2772 ut

141 2813 304 2894 rationes,
336 2831 417 2892 quas
448 2812 504 2878 ille
533 2813 717 2894 proposuit,
752 2813 820 2879 fere
852 2813 886 2878 in
917 2833 988 2879 eam
1020 2819 1162 2879 aetatem
1191 2813 1369 2896 conferam,

141 2938 240 3000 quam
275 2918 465 2984 dissertatio
504 2937 577 2984 mea
611 2902 848 3001 complectitur.
908 2921 957 2986 Aa
993 2919 1130 3002 primum
1166 2920 1295 3002 quidem
1332 2941 1371 2986 ea

142 3027 290 3108 nomina,
335 3045 418 3106 quae
456 3025 609 3092 Latinam
650 3026 789 3092 alteram
827 3027 1079 3092 declinationem
1123 3028 1214 3107 sequi
1254 3028 1369 3110 solent,

142 3140 331 3199 tractemus.

721 3260 794 3343 §a

232 3384 287 3450 De
316 3383 539 3450 nominibus
567 3384 749 3451 Latinam
777 3384 943 3451 alteram
973 3385 1280 3452 declinationem

622 3491 889 3572 sequentibus.

235 3618 263 3682 1.
288 3615 490 3702 Sniehotta2)
516 3616 753 3684 demonstravit
779 3616 931 3701 ,nomina
946 3618 1170 3701 geographica
1193 3656 1235 3664 -
1260 3617 1370 3685 omnia

141 3724 273 3806 quidem
302 3723 494 3808 Cycladum,
526 3730 708 3791 ceterorum
740 3725 941 3792 Graecorum
971 3725 1117 3791 locorum
1147 3725 1303 3807 pleraque
1326 3763 1369 3772 —

141 3831 264 3912 ubique
293 3831 440 3898 Graecas
470 3851 621 3916 servasse
651 3832 931 3898 terminationes“.
979 3833 1065 3914 Hac,
1098 3851 1182 3913 quac
1212 3832 1369 3915 sequitur,

141 3938 378 4021 disputationis
394 3945 490 4020 parte
505 3938 705 4022 conquiram,
729 3939 887 4020 quomodo
904 3946 1021 4021 poetae
1038 3939 1159 4010 aetatis
1176 3937 1370 4020 posterioris

140 4045 236 4112 illam
252 4045 400 4128 regulam
416 4046 520 4112 secuti
544 4047 619 4112 sint.
660 4046 709 4111 Ac
729 4046 870 4128 primum
886 4047 1015 4128 quidem
1039 4047 1194 4113 nomina
1217 4046 1368 4112 urbium

142 4159 181 4219 et
214 4152 447 4235 insularum,
487 4154 521 4219 si
556 4153 709 4234 quidem
747 4153 990 4236 significant
1024 4157 1140 4219 urbes
1175 4153 1369 4220 Graeciae

141 4259 271 4342 ipsius
302 4267 339 4326 et
366 4259 520 4327 insulas
549 4260 772 4345 Cycladum,
809 4262 856 4326 ad
886 4280 997 4327 unum
1028 4261 1156 4327 omnia
1180 4261 1370 4328 Graecam

235 4473 255 4541 ¹)
275 4473 457 4528 Sniebotta
475 4473 526 4530 lc.
546 4489 571 4542 p.
585 4475 699 4529 41-59.

234 4563 255 4632 ⁹)
275 4563 454 4618 Sniehotta
473 4563 524 4620 l.c.
544 4580 568 4631 p.
584 4565 684 4630 ideoq.

196 4705 345 4755 zwlener,
367 4705 399 4747 lle
415 4715 499 4748 vocum
516 4707 665 4749 (leaenarum
682 4717 726 4748 usu
