<?xml version="1.0" encoding="UTF-8"?>
<!DOCTYPE html PUBLIC "-//W3C//DTD XHTML 1.0 Transitional//EN"
    "http://www.w3.org/TR/xhtml1/DTD/xhtml1-transitional.dtd">
<html xmlns="http://www.w3.org/1999/xhtml" xml:lang="en" lang="en">
 <head>
  <title>
</title>
<meta http-equiv="Content-Type" content="text/html;charset=utf-8" />
  <meta name='ocr-system' content='tesseract 3.04.00' />
  <meta name='ocr-capabilities' content='ocr_page ocr_carea ocr_par ocr_line ocrx_word'/>
</head>
<body>
  <div class='ocr_page' id='page_1' title='image "./deviatqueindole00cohngoog/deviatqueindole00cohngoog_0133.png"; bbox 0 0 3496 5310; ppageno 0'>
   <div class='ocr_carea' id='block_1_1' title="bbox 928 399 970 464">
    <p class='ocr_par' dir='ltr' id='par_1_1' title="bbox 928 399 970 464">
     <span class='ocr_line' id='line_1_1' title="bbox 928 399 970 464; baseline 0 0"><span class='ocrx_word' id='word_1_1' title='bbox 928 399 970 464; x_wconf 82' lang='grc'><strong><em>28</em></strong></span> 
     </span>
    </p>
   </div>
   <div class='ocr_carea' id='block_1_2' title="bbox 338 613 1573 1776">
    <p class='ocr_par' dir='ltr' id='par_1_2' title="bbox 338 613 1573 1450">
     <span class='ocr_line' id='line_1_2' title="bbox 339 613 1572 696; baseline -0.001 -16"><span class='ocrx_word' id='word_1_2' title='bbox 339 613 487 680; x_wconf 88' lang='lat' dir='ltr'><strong><em>dubitari</em></strong></span> <span class='ocrx_word' id='word_1_3' title='bbox 522 633 585 680; x_wconf 93' lang='lat' dir='ltr'><strong><em>nou</em></strong></span> <span class='ocrx_word' id='word_1_4' title='bbox 620 619 731 696; x_wconf 89' lang='lat' dir='ltr'><strong><em>potest</em></strong></span> <span class='ocrx_word' id='word_1_5' title='bbox 775 613 852 696; x_wconf 89' lang='lat' dir='ltr'><strong><em>quin</em></strong></span> <span class='ocrx_word' id='word_1_6' title='bbox 891 637 943 681; x_wconf 91' lang='lat' dir='ltr'><strong><em>-en</em></strong></span> <span class='ocrx_word' id='word_1_7' title='bbox 982 613 1173 682; x_wconf 86' lang='lat' dir='ltr'><strong><em>terminatio</em></strong></span> <span class='ocrx_word' id='word_1_8' title='bbox 1215 613 1338 681; x_wconf 86' lang='lat' dir='ltr'><strong><em>tuenda</em></strong></span> <span class='ocrx_word' id='word_1_9' title='bbox 1372 613 1419 680; x_wconf 88' lang='lat' dir='ltr'><strong><em>sit</em></strong></span> <span class='ocrx_word' id='word_1_10' title='bbox 1452 619 1572 680; x_wconf 87' lang='lat' dir='ltr'><strong><em>contra</em></strong></span> 
     </span>
     <span class='ocr_line' id='line_1_3' title="bbox 339 720 1571 807; baseline 0.001 -20"><span class='ocrx_word' id='word_1_11' title='bbox 339 721 470 788; x_wconf 87' lang='lat' dir='ltr'><strong><em>codices</em></strong></span> <span class='ocrx_word' id='word_1_12' title='bbox 493 721 548 803; x_wconf 89' lang='lat' dir='ltr'><strong><em>qui</em></strong></span> <span class='ocrx_word' id='word_1_13' title='bbox 571 743 633 788; x_wconf 92' lang='lat' dir='ltr'><strong><em>-em</em></strong></span> <span class='ocrx_word' id='word_1_14' title='bbox 656 723 803 802; x_wconf 87' lang='lat' dir='ltr'><strong><em>tradunt,</em></strong></span> <span class='ocrx_word' id='word_1_15' title='bbox 829 727 863 788; x_wconf 92' lang='lat' dir='ltr'><strong><em>et</em></strong></span> <span class='ocrx_word' id='word_1_16' title='bbox 886 723 1052 807; x_wconf 75' lang='lat' dir='ltr'><strong><em>Geryonen</em></strong></span> <span class='ocrx_word' id='word_1_17' title='bbox 1075 742 1102 790; x_wconf 94' lang='lat' dir='ltr'><strong><em>c.</em></strong></span> <span class='ocrx_word' id='word_1_18' title='bbox 1127 722 1162 788; x_wconf 94' lang='grc' dir='ltr'>Π</span> <span class='ocrx_word' id='word_1_19' title='bbox 1189 723 1238 788; x_wconf 84' lang='lat'><strong><em>14.</em></strong></span> <span class='ocrx_word' id='word_1_20' title='bbox 1259 738 1287 802; x_wconf 84' lang='lat' dir='ltr'><strong><em>a,</em></strong></span> <span class='ocrx_word' id='word_1_21' title='bbox 1313 720 1405 788; x_wconf 90' lang='lat' dir='ltr'><strong><em>cuius</em></strong></span> <span class='ocrx_word' id='word_1_22' title='bbox 1429 721 1571 788; x_wconf 89' lang='lat' dir='ltr'><strong><em>nominis</em></strong></span> 
     </span>
     <span class='ocr_line' id='line_1_4' title="bbox 339 829 1570 913; baseline 0.002 -19"><span class='ocrx_word' id='word_1_23' title='bbox 339 829 549 895; x_wconf 88' lang='lat' dir='ltr'><strong><em>accusativus</em></strong></span> <span class='ocrx_word' id='word_1_24' title='bbox 572 829 605 895; x_wconf 93' lang='lat' dir='ltr'><strong><em>in</em></strong></span> <span class='ocrx_word' id='word_1_25' title='bbox 630 830 754 896; x_wconf 88' lang='lat' dir='ltr'><strong><em>maiore</em></strong></span> <span class='ocrx_word' id='word_1_26' title='bbox 777 836 874 912; x_wconf 87' lang='lat' dir='ltr'><strong><em>parte</em></strong></span> <span class='ocrx_word' id='word_1_27' title='bbox 899 830 1043 897; x_wconf 91' lang='lat' dir='ltr'><strong><em>codicum</em></strong></span> <span class='ocrx_word' id='word_1_28' title='bbox 1067 847 1126 913; x_wconf 89' lang='lat' dir='ltr'><strong><em>per</em></strong></span> <span class='ocrx_word' id='word_1_29' title='bbox 1152 851 1214 896; x_wconf 92' lang='lat' dir='ltr'><strong><em>-em</em></strong></span> <span class='ocrx_word' id='word_1_30' title='bbox 1243 829 1451 896; x_wconf 87' lang='lat' dir='ltr'><strong><em>terminatur.</em></strong></span> <span class='ocrx_word' id='word_1_31' title='bbox 1497 847 1570 897; x_wconf 90' lang='lat' dir='ltr'><strong><em>cum</em></strong></span> 
     </span>
     <span class='ocr_line' id='line_1_5' title="bbox 339 934 1572 1026; baseline 0 -22"><span class='ocrx_word' id='word_1_32' title='bbox 339 936 461 1004; x_wconf 87' lang='lat' dir='ltr'><strong><em>Graeci</em></strong></span> <span class='ocrx_word' id='word_1_33' title='bbox 486 942 520 1003; x_wconf 91' lang='lat' dir='ltr'><strong><em>et</em></strong></span> <span class='ocrx_word' id='word_1_34' title='bbox 544 934 682 1025; x_wconf 79' lang='grc' dir='ltr'><strong><em>Γηρυών</em></strong></span> <span class='ocrx_word' id='word_1_35' title='bbox 705 943 740 1004; x_wconf 92' lang='lat' dir='ltr'><strong><em>et</em></strong></span> <span class='ocrx_word' id='word_1_36' title='bbox 765 935 935 1026; x_wconf 74' lang='grc' dir='ltr'><strong><em>Γηρυόνης</em></strong></span> <span class='ocrx_word' id='word_1_37' title='bbox 965 937 1095 1020; x_wconf 87' lang='lat' dir='ltr'><strong><em>dicant,</em></strong></span> <span class='ocrx_word' id='word_1_38' title='bbox 1126 937 1160 1003; x_wconf 93' lang='lat' dir='ltr'><strong><em>iu</em></strong></span> <span class='ocrx_word' id='word_1_39' title='bbox 1192 937 1384 1004; x_wconf 88' lang='lat' dir='ltr'><strong><em>accusativo</em></strong></span> <span class='ocrx_word' id='word_1_40' title='bbox 1406 937 1511 1004; x_wconf 87' lang='lat' dir='ltr'><strong><em>latine</em></strong></span> <span class='ocrx_word' id='word_1_41' title='bbox 1537 943 1572 1004; x_wconf 89' lang='lat' dir='ltr'><strong><em>ct</em></strong></span> 
     </span>
     <span class='ocr_line' id='line_1_6' title="bbox 341 1043 1572 1130; baseline 0 -20"><span class='ocrx_word' id='word_1_42' title='bbox 341 1044 507 1128; x_wconf 77' lang='lat' dir='ltr'><strong><em>Geryonen</em></strong></span> <span class='ocrx_word' id='word_1_43' title='bbox 536 1051 571 1110; x_wconf 90' lang='lat' dir='ltr'><strong><em>et</em></strong></span> <span class='ocrx_word' id='word_1_44' title='bbox 603 1043 777 1130; x_wconf 80' lang='lat' dir='ltr'><strong><em>Geryonem</em></strong></span> <span class='ocrx_word' id='word_1_45' title='bbox 809 1046 919 1112; x_wconf 86' lang='lat' dir='ltr'><strong><em>dicere</em></strong></span> <span class='ocrx_word' id='word_1_46' title='bbox 950 1047 1039 1112; x_wconf 89' lang='lat' dir='ltr'><strong><em>licet.</em></strong></span> <span class='ocrx_word' id='word_1_47' title='bbox 1087 1063 1192 1127; x_wconf 89' lang='lat' dir='ltr'><strong><em>aeque</em></strong></span> <span class='ocrx_word' id='word_1_48' title='bbox 1225 1051 1337 1110; x_wconf 86' lang='lat' dir='ltr'><strong><em>tamen</em></strong></span> <span class='ocrx_word' id='word_1_49' title='bbox 1369 1044 1481 1126; x_wconf 89' lang='lat' dir='ltr'><strong><em>video,</em></strong></span> <span class='ocrx_word' id='word_1_50' title='bbox 1515 1044 1572 1126; x_wconf 89' lang='lat' dir='ltr'><strong><em>qui</em></strong></span> 
     </span>
     <span class='ocr_line' id='line_1_7' title="bbox 338 1150 1571 1234; baseline 0.001 -17"><span class='ocrx_word' id='word_1_51' title='bbox 338 1150 411 1218; x_wconf 90' lang='lat' dir='ltr'><strong><em>fieri</em></strong></span> <span class='ocrx_word' id='word_1_52' title='bbox 435 1152 590 1234; x_wconf 87' lang='lat' dir='ltr'><strong><em>potuerit,</em></strong></span> <span class='ocrx_word' id='word_1_53' title='bbox 615 1158 654 1218; x_wconf 92' lang='lat' dir='ltr'><strong><em>ut</em></strong></span> <span class='ocrx_word' id='word_1_54' title='bbox 675 1153 842 1220; x_wconf 84' lang='lat' dir='ltr'><strong><em>nonnullis</em></strong></span> <span class='ocrx_word' id='word_1_55' title='bbox 867 1153 1032 1220; x_wconf 78' lang='lat' dir='ltr'>codicibus</span> <span class='ocrx_word' id='word_1_56' title='bbox 1055 1175 1107 1219; x_wconf 91' lang='lat' dir='ltr'><strong><em>-en</em></strong></span> <span class='ocrx_word' id='word_1_57' title='bbox 1130 1153 1332 1232; x_wconf 83' lang='lat' dir='ltr'><strong><em>traderetur,</em></strong></span> <span class='ocrx_word' id='word_1_58' title='bbox 1355 1151 1419 1218; x_wconf 89' lang='lat' dir='ltr'><strong><em>nisi</em></strong></span> <span class='ocrx_word' id='word_1_59' title='bbox 1439 1151 1571 1218; x_wconf 87' lang='lat' dir='ltr'><strong><em>scribae</em></strong></span> 
     </span>
     <span class='ocr_line' id='line_1_8' title="bbox 338 1259 1573 1343; baseline 0.001 -18"><span class='ocrx_word' id='word_1_60' title='bbox 338 1260 423 1326; x_wconf 86' lang='lat' dir='ltr'><strong><em>hanc</em></strong></span> <span class='ocrx_word' id='word_1_61' title='bbox 458 1259 720 1328; x_wconf 84' lang='lat' dir='ltr'><strong><em>terminationem</em></strong></span> <span class='ocrx_word' id='word_1_62' title='bbox 755 1261 788 1327; x_wconf 90' lang='lat' dir='ltr'><strong><em>in</em></strong></span> <span class='ocrx_word' id='word_1_63' title='bbox 824 1261 919 1327; x_wconf 89' lang='lat' dir='ltr'><strong><em>libris</em></strong></span> <span class='ocrx_word' id='word_1_64' title='bbox 953 1261 1190 1343; x_wconf 82' lang='lat' dir='ltr'><strong><em>repperissent.</em></strong></span> <span class='ocrx_word' id='word_1_65' title='bbox 1245 1279 1321 1326; x_wconf 87' lang='lat' dir='ltr'><strong><em>nam</em></strong></span> <span class='ocrx_word' id='word_1_66' title='bbox 1354 1281 1415 1326; x_wconf 88' lang='lat' dir='ltr'><strong><em>-em</em></strong></span> <span class='ocrx_word' id='word_1_67' title='bbox 1446 1279 1488 1327; x_wconf 86' lang='lat' dir='ltr'><strong><em>ex</em></strong></span> <span class='ocrx_word' id='word_1_68' title='bbox 1519 1281 1573 1326; x_wconf 90' lang='lat' dir='ltr'><strong><em>-en</em></strong></span> 
     </span>
     <span class='ocr_line' id='line_1_9' title="bbox 340 1366 1569 1450; baseline 0.001 -17"><span class='ocrx_word' id='word_1_69' title='bbox 340 1366 465 1434; x_wconf 84' lang='lat' dir='ltr'><strong><em>factum</em></strong></span> <span class='ocrx_word' id='word_1_70' title='bbox 496 1386 568 1434; x_wconf 89' lang='lat' dir='ltr'><strong><em>esse</em></strong></span> <span class='ocrx_word' id='word_1_71' title='bbox 598 1367 701 1434; x_wconf 89' lang='lat' dir='ltr'><strong><em>multo</em></strong></span> <span class='ocrx_word' id='word_1_72' title='bbox 732 1368 812 1435; x_wconf 90' lang='lat' dir='ltr'><strong><em>mihi</em></strong></span> <span class='ocrx_word' id='word_1_73' title='bbox 840 1367 1055 1435; x_wconf 88' lang='lat' dir='ltr'><strong><em>verisimilius</em></strong></span> <span class='ocrx_word' id='word_1_74' title='bbox 1080 1368 1211 1436; x_wconf 87' lang='lat' dir='ltr'><strong><em>videtur</em></strong></span> <span class='ocrx_word' id='word_1_75' title='bbox 1235 1387 1332 1450; x_wconf 88' lang='lat' dir='ltr'><strong><em>quam</em></strong></span> <span class='ocrx_word' id='word_1_76' title='bbox 1355 1389 1408 1434; x_wconf 91' lang='lat' dir='ltr'><strong><em>-en</em></strong></span> <span class='ocrx_word' id='word_1_77' title='bbox 1431 1386 1472 1434; x_wconf 85' lang='lat' dir='ltr'><strong><em>ex</em></strong></span> <span class='ocrx_word' id='word_1_78' title='bbox 1495 1389 1569 1434; x_wconf 83' lang='lat' dir='ltr'><strong><em>-em</em></strong></span> 
     </span>
    </p>

    <p class='ocr_par' dir='ltr' id='par_1_3' title="bbox 338 1473 1572 1776">
     <span class='ocr_line' id='line_1_10' title="bbox 427 1473 1571 1559; baseline 0.001 -18"><span class='ocrx_word' id='word_1_79' title='bbox 427 1475 466 1541; x_wconf 92' lang='lat' dir='ltr'><strong><em>Iu</em></strong></span> <span class='ocrx_word' id='word_1_80' title='bbox 498 1475 623 1542; x_wconf 87' lang='lat' dir='ltr'><strong><em>saturis</em></strong></span> <span class='ocrx_word' id='word_1_81' title='bbox 653 1483 688 1542; x_wconf 90' lang='lat' dir='ltr'><strong><em>et</em></strong></span> <span class='ocrx_word' id='word_1_82' title='bbox 719 1476 869 1559; x_wconf 86' lang='lat' dir='ltr'><strong><em>epistulis</em></strong></span> <span class='ocrx_word' id='word_1_83' title='bbox 895 1477 1054 1543; x_wconf 82' lang='lat' dir='ltr'><strong><em>Horatius</em></strong></span> <span class='ocrx_word' id='word_1_84' title='bbox 1079 1477 1165 1543; x_wconf 85' lang='lat' dir='ltr'><strong><em>lrunc</em></strong></span> <span class='ocrx_word' id='word_1_85' title='bbox 1188 1473 1414 1542; x_wconf 79' lang='lat' dir='ltr'><strong><em>accusativum</em></strong></span> <span class='ocrx_word' id='word_1_86' title='bbox 1439 1474 1571 1542; x_wconf 88' lang='lat' dir='ltr'><strong><em>minime</em></strong></span> 
     </span>
     <span class='ocr_line' id='line_1_11' title="bbox 338 1582 1570 1669; baseline -0.002 -18"><span class='ocrx_word' id='word_1_87' title='bbox 338 1582 477 1651; x_wconf 88' lang='lat' dir='ltr'><strong><em>vitavit:</em></strong></span> <span class='ocrx_word' id='word_1_88' title='bbox 508 1582 696 1651; x_wconf 78' lang='lat' dir='ltr'><strong><em>Ptromr&#39;den</em></strong></span> <span class='ocrx_word' id='word_1_89' title='bbox 718 1602 743 1650; x_wconf 86' lang='lat' dir='ltr'><strong><em>s.</em></strong></span> <span class='ocrx_word' id='word_1_90' title='bbox 769 1583 787 1650; x_wconf 91' lang='lat' dir='ltr'><strong><em>l</em></strong></span> <span class='ocrx_word' id='word_1_91' title='bbox 811 1588 840 1651; x_wconf 75' lang='lat'><strong><em>7.</em></strong></span> <span class='ocrx_word' id='word_1_92' title='bbox 858 1601 906 1665; x_wconf 83' lang='lat'><strong><em>12,</em></strong></span> <span class='ocrx_word' id='word_1_93' title='bbox 938 1584 1083 1669; x_wconf 86' lang='lat' dir='ltr'><strong><em>Pyladen</em></strong></span> <span class='ocrx_word' id='word_1_94' title='bbox 1105 1603 1130 1650; x_wconf 91' lang='lat' dir='ltr'><strong><em>s.</em></strong></span> <span class='ocrx_word' id='word_1_95' title='bbox 1155 1583 1192 1650; x_wconf 94' lang='grc' dir='ltr'><strong><em>ΙΙ</em></strong></span> <span class='ocrx_word' id='word_1_96' title='bbox 1215 1585 1246 1650; x_wconf 91' lang='grc'><strong><em>3.</em></strong></span> <span class='ocrx_word' id='word_1_97' title='bbox 1264 1601 1331 1666; x_wconf 82' lang='lat' dir='ltr'><strong><em>naa,</em></strong></span> <span class='ocrx_word' id='word_1_98' title='bbox 1362 1582 1495 1650; x_wconf 78' lang='lat' dir='ltr'><strong><em>Peliden</em></strong></span> <span class='ocrx_word' id='word_1_99' title='bbox 1518 1602 1570 1665; x_wconf 90' lang='lat' dir='ltr'><strong><em>ep.</em></strong></span> 
     </span>
     <span class='ocr_line' id='line_1_12' title="bbox 339 1688 1572 1776; baseline 0.002 -19"><span class='ocrx_word' id='word_1_100' title='bbox 339 1691 477 1770; x_wconf 69' lang='lat'>1212,</span> <span class='ocrx_word' id='word_1_101' title='bbox 509 1689 640 1758; x_wconf 78' lang='lat' dir='ltr'><strong><em>Atriden</em></strong></span> <span class='ocrx_word' id='word_1_102' title='bbox 664 1711 714 1775; x_wconf 93' lang='lat' dir='ltr'><strong><em>ep.</em></strong></span> <span class='ocrx_word' id='word_1_103' title='bbox 738 1692 756 1758; x_wconf 91' lang='grc' dir='ltr'>Ι</span> <span class='ocrx_word' id='word_1_104' title='bbox 780 1693 877 1776; x_wconf 65' lang='lat'><strong>212,</strong></span> <span class='ocrx_word' id='word_1_105' title='bbox 908 1692 1090 1776; x_wconf 73' lang='lat' dir='ltr'><strong><em>Lycamben</em></strong></span> <span class='ocrx_word' id='word_1_106' title='bbox 1112 1711 1162 1774; x_wconf 92' lang='lat' dir='ltr'><strong><em>ep.</em></strong></span> <span class='ocrx_word' id='word_1_107' title='bbox 1187 1691 1206 1757; x_wconf 94' lang='lat' dir='ltr'>I</span> <span class='ocrx_word' id='word_1_108' title='bbox 1231 1694 1281 1759; x_wconf 91' lang='grc'><strong><em>19.</em></strong></span> <span class='ocrx_word' id='word_1_109' title='bbox 1299 1707 1348 1773; x_wconf 78' lang='lat' dir='ltr'><strong><em>se,</em></strong></span> <span class='ocrx_word' id='word_1_110' title='bbox 1380 1688 1572 1775; x_wconf 75' lang='lat' dir='ltr'><strong><em>Antiphaten</em></strong></span> 
     </span>
    </p>
   </div>
   <div class='ocr_carea' id='block_1_3' title="bbox 222 1799 520 1896">
    <p class='ocr_par' dir='ltr' id='par_1_4' title="bbox 222 1799 520 1896">
     <span class='ocr_line' id='line_1_13' title="bbox 222 1799 520 1896; baseline 0.007 -30"><span class='ocrx_word' id='word_1_111' title='bbox 222 1891 225 1896; x_wconf 69' lang='lat'>‚</span> <span class='ocrx_word' id='word_1_112' title='bbox 341 1819 370 1866; x_wconf 89' lang='lat' dir='ltr'><strong><em>a.</em></strong></span> <span class='ocrx_word' id='word_1_113' title='bbox 387 1819 419 1882; x_wconf 94' lang='lat' dir='ltr'><strong><em>p.</em></strong></span> <span class='ocrx_word' id='word_1_114' title='bbox 447 1799 520 1868; x_wconf 82' lang='lat'>145.</span> 
     </span>
    </p>
   </div>
   <div class='ocr_carea' id='block_1_4' title="bbox 338 1906 1575 4578">
    <p class='ocr_par' dir='ltr' id='par_1_5' title="bbox 338 1906 1573 2423">
     <span class='ocr_line' id='line_1_14' title="bbox 428 1906 1569 1991; baseline -0.002 -17"><span class='ocrx_word' id='word_1_115' title='bbox 428 1907 498 1974; x_wconf 89' lang='lat' dir='ltr'><strong><em>Nan</em></strong></span> <span class='ocrx_word' id='word_1_116' title='bbox 515 1906 622 1972; x_wconf 91' lang='lat' dir='ltr'><strong><em>miuus</em></strong></span> <span class='ocrx_word' id='word_1_117' title='bbox 634 1925 733 1990; x_wconf 88' lang='lat' dir='ltr'><strong><em>saepe</em></strong></span> <span class='ocrx_word' id='word_1_118' title='bbox 750 1925 829 1974; x_wconf 80' lang='lat' dir='ltr'><strong><em>uuus</em></strong></span> <span class='ocrx_word' id='word_1_119' title='bbox 845 1913 897 1975; x_wconf 92' lang='lat' dir='ltr'><strong><em>est</em></strong></span> <span class='ocrx_word' id='word_1_120' title='bbox 914 1907 1102 1975; x_wconf 88' lang='lat' dir='ltr'><strong><em>accusativo</em></strong></span> <span class='ocrx_word' id='word_1_121' title='bbox 1119 1925 1239 1991; x_wconf 82' lang='lat' dir='ltr'><strong><em>graeco</em></strong></span> <span class='ocrx_word' id='word_1_122' title='bbox 1254 1907 1418 1974; x_wconf 90' lang='lat' dir='ltr'><strong><em>nominum</em></strong></span> <span class='ocrx_word' id='word_1_123' title='bbox 1435 1906 1569 1990; x_wconf 79' lang='lat' dir='ltr'><strong><em>generis</em></strong></span> 
     </span>
     <span class='ocr_line' id='line_1_15' title="bbox 340 2004 1573 2100; baseline 0.001 -19"><span class='ocrx_word' id='word_1_124' title='bbox 340 2014 490 2081; x_wconf 85' lang='lat' dir='ltr'><strong><em>feminini</em></strong></span> <span class='ocrx_word' id='word_1_125' title='bbox 515 2033 600 2096; x_wconf 88' lang='lat' dir='ltr'><strong><em>quae</em></strong></span> <span class='ocrx_word' id='word_1_126' title='bbox 623 2015 657 2080; x_wconf 94' lang='lat' dir='ltr'><strong><em>in</em></strong></span> <span class='ocrx_word' id='word_1_127' title='bbox 680 2004 896 2082; x_wconf 56' lang='lat' dir='ltr'><strong><em>-e‘desiuuat,</em></strong></span> <span class='ocrx_word' id='word_1_128' title='bbox 928 2015 1111 2082; x_wconf 88' lang='lat' dir='ltr'><strong><em>invenimus</em></strong></span> <span class='ocrx_word' id='word_1_129' title='bbox 1135 2016 1168 2081; x_wconf 93' lang='lat' dir='ltr'><strong><em>in</em></strong></span> <span class='ocrx_word' id='word_1_130' title='bbox 1185 2015 1384 2081; x_wconf 85' lang='lat' dir='ltr'><strong><em>carminibus</em></strong></span> <span class='ocrx_word' id='word_1_131' title='bbox 1399 2015 1573 2100; x_wconf 70' lang='lat' dir='ltr'><strong><em>Mytilenen</em></strong></span> 
     </span>
     <span class='ocr_line' id='line_1_16' title="bbox 338 2121 1573 2208; baseline 0.002 -21"><span class='ocrx_word' id='word_1_132' title='bbox 338 2123 476 2189; x_wconf 86' lang='lat' dir='ltr'><strong><em>Helenen</em></strong></span> <span class='ocrx_word' id='word_1_133' title='bbox 498 2123 671 2206; x_wconf 75' lang='lat' dir='ltr'><strong><em>Penelopen</em></strong></span> <span class='ocrx_word' id='word_1_134' title='bbox 695 2121 805 2191; x_wconf 80' lang='lat' dir='ltr'><strong><em>Circen</em></strong></span> <span class='ocrx_word' id='word_1_135' title='bbox 820 2124 960 2208; x_wconf 82' lang='lat' dir='ltr'><strong><em>Lalayen</em></strong></span> <span class='ocrx_word' id='word_1_136' title='bbox 976 2124 1126 2207; x_wconf 77' lang='lat' dir='ltr'><strong><em>Europen</em></strong></span> <span class='ocrx_word' id='word_1_137' title='bbox 1144 2123 1258 2191; x_wconf 89' lang='lat' dir='ltr'><strong><em>Ghloen</em></strong></span> <span class='ocrx_word' id='word_1_138' title='bbox 1274 2122 1410 2190; x_wconf 90' lang='lat' dir='ltr'><strong><em>Pholoen</em></strong></span> <span class='ocrx_word' id='word_1_139' title='bbox 1427 2123 1573 2190; x_wconf 77' lang='lat' dir='ltr'><strong><em>Thracen</em></strong></span> 
     </span>
     <span class='ocr_line' id='line_1_17' title="bbox 338 2229 1573 2315; baseline 0.002 -19"><span class='ocrx_word' id='word_1_140' title='bbox 338 2230 477 2298; x_wconf 86' lang='lat' dir='ltr'><strong><em>Danaen</em></strong></span> <span class='ocrx_word' id='word_1_141' title='bbox 500 2229 670 2314; x_wconf 75' lang='lat' dir='ltr'><strong><em>Rhodopen</em></strong></span> <span class='ocrx_word' id='word_1_142' title='bbox 695 2231 804 2298; x_wconf 72' lang='lat' dir='ltr'><strong><em>Genera</em></strong></span> <span class='ocrx_word' id='word_1_143' title='bbox 826 2232 932 2315; x_wconf 84' lang='lat' dir='ltr'><strong><em>Lycen</em></strong></span> <span class='ocrx_word' id='word_1_144' title='bbox 954 2231 1161 2315; x_wconf 88' lang='lat' dir='ltr'><strong><em>Hippolyten,</em></strong></span> <span class='ocrx_word' id='word_1_145' title='bbox 1192 2231 1226 2297; x_wconf 91' lang='lat' dir='ltr'><strong><em>iu</em></strong></span> <span class='ocrx_word' id='word_1_146' title='bbox 1257 2230 1399 2297; x_wconf 89' lang='lat' dir='ltr'><strong><em>saturis:</em></strong></span> <span class='ocrx_word' id='word_1_147' title='bbox 1431 2230 1573 2298; x_wconf 86' lang='lat' dir='ltr'><strong><em>Hecaten</em></strong></span> 
     </span>
     <span class='ocr_line' id='line_1_18' title="bbox 340 2336 893 2423; baseline 0 -19"><span class='ocrx_word' id='word_1_148' title='bbox 340 2338 371 2422; x_wconf 85' lang='grc' dir='ltr'><strong><em>(Ι</em></strong></span> <span class='ocrx_word' id='word_1_149' title='bbox 394 2338 424 2404; x_wconf 86' lang='grc'><strong><em>8.</em></strong></span> <span class='ocrx_word' id='word_1_150' title='bbox 441 2336 490 2422; x_wconf 82' lang='lat' dir='ltr'><strong><em>aa)</em></strong></span> <span class='ocrx_word' id='word_1_151' title='bbox 517 2338 708 2421; x_wconf 76' lang='lat' dir='ltr'><strong><em>Tisiphonen</em></strong></span> <span class='ocrx_word' id='word_1_152' title='bbox 730 2339 763 2423; x_wconf 88' lang='grc' dir='ltr'><strong><em>(Ι</em></strong></span> <span class='ocrx_word' id='word_1_153' title='bbox 787 2341 817 2406; x_wconf 84' lang='grc'><strong><em>8.</em></strong></span> <span class='ocrx_word' id='word_1_154' title='bbox 834 2338 893 2422; x_wconf 78' lang='lat' dir='ltr'><strong><em>aa).</em></strong></span> 
     </span>
    </p>

    <p class='ocr_par' dir='ltr' id='par_1_6' title="bbox 339 2444 1573 3069">
     <span class='ocr_line' id='line_1_19' title="bbox 430 2444 1572 2517; baseline 0.006 -7"><span class='ocrx_word' id='word_1_155' title='bbox 430 2445 613 2512; x_wconf 79' lang='lat' dir='ltr'><strong><em>Tibullus</em></strong></span> <span class='ocrx_word' id='word_1_156' title='bbox 650 2447 736 2513; x_wconf 89' lang='lat' dir='ltr'><strong><em>hunc</em></strong></span> <span class='ocrx_word' id='word_1_157' title='bbox 774 2446 1000 2514; x_wconf 82' lang='lat' dir='ltr'><strong><em>accusativum</em></strong></span> <span class='ocrx_word' id='word_1_158' title='bbox 1040 2465 1103 2514; x_wconf 92' lang='lat' dir='ltr'><strong><em>uuo</em></strong></span> <span class='ocrx_word' id='word_1_159' title='bbox 1138 2447 1208 2512; x_wconf 90' lang='lat' dir='ltr'><strong><em>loco</em></strong></span> <span class='ocrx_word' id='word_1_160' title='bbox 1244 2444 1392 2513; x_wconf 89' lang='lat' dir='ltr'><strong><em>admisit:</em></strong></span> <span class='ocrx_word' id='word_1_161' title='bbox 1432 2445 1450 2512; x_wconf 95' lang='lat' dir='ltr'>I</span> <span class='ocrx_word' id='word_1_162' title='bbox 1482 2447 1512 2512; x_wconf 84' lang='grc'><strong><em>7.</em></strong></span> <span class='ocrx_word' id='word_1_163' title='bbox 1537 2462 1572 2517; x_wconf 82' lang='lat'><strong><em>28</em></strong></span> 
     </span>
     <span class='ocr_line' id='line_1_20' title="bbox 339 2552 1572 2638; baseline 0.001 -19"><span class='ocrx_word' id='word_1_164' title='bbox 339 2553 540 2636; x_wconf 85' lang='lat' dir='ltr'><strong><em>Memphiten.</em></strong></span> <span class='ocrx_word' id='word_1_165' title='bbox 588 2559 705 2620; x_wconf 89' lang='lat' dir='ltr'><strong><em>auctor</em></strong></span> <span class='ocrx_word' id='word_1_166' title='bbox 727 2553 964 2638; x_wconf 81' lang='lat' dir='ltr'><strong><em>panegyrici</em></strong></span> <span class='ocrx_word' id='word_1_167' title='bbox 988 2554 1204 2621; x_wconf 85' lang='lat' dir='ltr'><strong><em>Messallae</em></strong></span> <span class='ocrx_word' id='word_1_168' title='bbox 1228 2552 1419 2637; x_wconf 85' lang='lat' dir='ltr'><strong><em>Antiphaten</em></strong></span> <span class='ocrx_word' id='word_1_169' title='bbox 1443 2552 1572 2620; x_wconf 86' lang='lat' dir='ltr'><strong><em>Graece</em></strong></span> 
     </span>
     <span class='ocr_line' id='line_1_21' title="bbox 342 2660 1572 2745; baseline 0.001 -18"><span class='ocrx_word' id='word_1_170' title='bbox 342 2660 532 2729; x_wconf 86' lang='lat' dir='ltr'><strong><em>declinavit.</em></strong></span> <span class='ocrx_word' id='word_1_171' title='bbox 566 2662 738 2744; x_wconf 86' lang='lat' dir='ltr'><strong><em>aliquanto</em></strong></span> <span class='ocrx_word' id='word_1_172' title='bbox 756 2664 941 2730; x_wconf 86' lang='lat' dir='ltr'><strong><em>crebriores</em></strong></span> <span class='ocrx_word' id='word_1_173' title='bbox 958 2667 1037 2728; x_wconf 91' lang='lat' dir='ltr'><strong><em>sunt</em></strong></span> <span class='ocrx_word' id='word_1_174' title='bbox 1053 2662 1086 2728; x_wconf 89' lang='lat' dir='ltr'><strong><em>hi</em></strong></span> <span class='ocrx_word' id='word_1_175' title='bbox 1103 2661 1285 2729; x_wconf 89' lang='lat' dir='ltr'><strong><em>accusativi</em></strong></span> <span class='ocrx_word' id='word_1_176' title='bbox 1303 2662 1390 2745; x_wconf 88' lang='lat' dir='ltr'><strong><em>apud</em></strong></span> <span class='ocrx_word' id='word_1_177' title='bbox 1405 2662 1572 2744; x_wconf 88' lang='lat' dir='ltr'><strong><em>Proper·</em></strong></span> 
     </span>
     <span class='ocr_line' id='line_1_22' title="bbox 341 2767 1572 2854; baseline 0.002 -20"><span class='ocrx_word' id='word_1_178' title='bbox 341 2768 452 2834; x_wconf 87' lang='lat' dir='ltr'><strong><em>tiurn:</em></strong></span> <span class='ocrx_word' id='word_1_179' title='bbox 475 2768 652 2836; x_wconf 83' lang='lat' dir='ltr'><strong><em>Aesoniden</em></strong></span> <span class='ocrx_word' id='word_1_180' title='bbox 666 2770 801 2838; x_wconf 77' lang='lat' dir='ltr'><strong><em>Alciden</em></strong></span> <span class='ocrx_word' id='word_1_181' title='bbox 816 2771 1004 2854; x_wconf 81' lang='lat' dir='ltr'><strong><em>Euphraten</em></strong></span> <span class='ocrx_word' id='word_1_182' title='bbox 1019 2771 1189 2836; x_wconf 75' lang='lat' dir='ltr'><strong><em>Ixioniden</em></strong></span> <span class='ocrx_word' id='word_1_183' title='bbox 1204 2770 1422 2836; x_wconf 81' lang='lat' dir='ltr'><strong><em>Menoetiaden</em></strong></span> <span class='ocrx_word' id='word_1_184' title='bbox 1444 2767 1572 2836; x_wconf 80' lang='lat' dir='ltr'><strong><em>Oresten</em></strong></span> 
     </span>
     <span class='ocr_line' id='line_1_23' title="bbox 340 2874 1573 2962; baseline 0 -20"><span class='ocrx_word' id='word_1_185' title='bbox 340 2875 459 2942; x_wconf 88' lang='lat' dir='ltr'><strong><em>Persen</em></strong></span> <span class='ocrx_word' id='word_1_186' title='bbox 497 2874 679 2943; x_wconf 76' lang='lat' dir='ltr'><strong><em>Preciana</em></strong></span> <span class='ocrx_word' id='word_1_187' title='bbox 718 2915 759 2924; x_wconf 99' lang='lat'><em>-</em></span> <span class='ocrx_word' id='word_1_188' title='bbox 798 2875 953 2961; x_wconf 85' lang='lat' dir='ltr'><strong><em>Antiopen</em></strong></span> <span class='ocrx_word' id='word_1_189' title='bbox 989 2877 1129 2962; x_wconf 87' lang='lat' dir='ltr'><strong><em>Gyhehen</em></strong></span> <span class='ocrx_word' id='word_1_190' title='bbox 1162 2876 1282 2944; x_wconf 86' lang='lat' dir='ltr'><strong><em>Dircen</em></strong></span> <span class='ocrx_word' id='word_1_191' title='bbox 1316 2875 1424 2943; x_wconf 87' lang='lat' dir='ltr'><strong><em>Hehen</em></strong></span> <span class='ocrx_word' id='word_1_192' title='bbox 1457 2875 1573 2943; x_wconf 87' lang='lat' dir='ltr'><strong><em>Hellen</em></strong></span> 
     </span>
     <span class='ocr_line' id='line_1_24' title="bbox 340 2984 889 3069; baseline 0.004 -19"><span class='ocrx_word' id='word_1_193' title='bbox 340 2984 531 3050; x_wconf 73' lang='lat' dir='ltr'><strong><em>leucan</em></strong></span> <span class='ocrx_word' id='word_1_194' title='bbox 554 2984 683 3052; x_wconf 86' lang='lat' dir='ltr'><strong><em>Meroen</em></strong></span> <span class='ocrx_word' id='word_1_195' title='bbox 706 2985 889 3069; x_wconf 77' lang='lat' dir='ltr'><strong><em>Penelopen.</em></strong></span> 
     </span>
    </p>

    <p class='ocr_par' dir='ltr' id='par_1_7' title="bbox 340 3090 1575 4578">
     <span class='ocr_line' id='line_1_25' title="bbox 430 3090 1572 3176; baseline 0.001 -19"><span class='ocrx_word' id='word_1_196' title='bbox 430 3090 576 3159; x_wconf 85' lang='lat' dir='ltr'><strong><em>Excellit</em></strong></span> <span class='ocrx_word' id='word_1_197' title='bbox 606 3098 716 3159; x_wconf 89' lang='lat' dir='ltr'><strong><em>autem</em></strong></span> <span class='ocrx_word' id='word_1_198' title='bbox 746 3093 835 3160; x_wconf 87' lang='lat' dir='ltr'><strong><em>inter</em></strong></span> <span class='ocrx_word' id='word_1_199' title='bbox 866 3099 982 3176; x_wconf 91' lang='lat' dir='ltr'><strong><em>poetas</em></strong></span> <span class='ocrx_word' id='word_1_200' title='bbox 1012 3092 1220 3160; x_wconf 87' lang='lat' dir='ltr'><strong><em>multitudine</em></strong></span> <span class='ocrx_word' id='word_1_201' title='bbox 1251 3092 1366 3159; x_wconf 89' lang='lat' dir='ltr'><strong><em>harum</em></strong></span> <span class='ocrx_word' id='word_1_202' title='bbox 1390 3091 1572 3159; x_wconf 85' lang='lat' dir='ltr'><strong><em>formarum</em></strong></span> 
     </span>
     <span class='ocr_line' id='line_1_26' title="bbox 340 3198 1573 3284; baseline 0.001 -19"><span class='ocrx_word' id='word_1_203' title='bbox 340 3198 516 3268; x_wconf 90' lang='lat' dir='ltr'><strong><em>Ovidius.</em></strong></span> <span class='ocrx_word' id='word_1_204' title='bbox 548 3199 763 3268; x_wconf 88' lang='lat' dir='ltr'><strong><em>inveniuntur</em></strong></span> <span class='ocrx_word' id='word_1_205' title='bbox 783 3201 869 3284; x_wconf 89' lang='lat' dir='ltr'><strong><em>apud</em></strong></span> <span class='ocrx_word' id='word_1_206' title='bbox 886 3220 973 3268; x_wconf 90' lang='lat' dir='ltr'><strong><em>eum:</em></strong></span> <span class='ocrx_word' id='word_1_207' title='bbox 998 3199 1128 3268; x_wconf 87' lang='lat' dir='ltr'><strong><em>Acesten</em></strong></span> <span class='ocrx_word' id='word_1_208' title='bbox 1142 3199 1390 3267; x_wconf 85' lang='lat' dir='ltr'><strong><em>Achaemeniden</em></strong></span> <span class='ocrx_word' id='word_1_209' title='bbox 1405 3200 1573 3266; x_wconf 79' lang='lat' dir='ltr'><strong><em>Actoriden</em></strong></span> 
     </span>
     <span class='ocr_line' id='line_1_27' title="bbox 340 3306 1574 3391; baseline 0.002 -20"><span class='ocrx_word' id='word_1_210' title='bbox 340 3306 498 3374; x_wconf 87' lang='lat' dir='ltr'><strong><em>Aeaciden</em></strong></span> <span class='ocrx_word' id='word_1_211' title='bbox 515 3306 679 3374; x_wconf 87' lang='lat' dir='ltr'><strong><em>Aeneaden</em></strong></span> <span class='ocrx_word' id='word_1_212' title='bbox 695 3309 848 3376; x_wconf 89' lang='lat' dir='ltr'><strong><em>Aeoliden</em></strong></span> <span class='ocrx_word' id='word_1_213' title='bbox 863 3308 1039 3376; x_wconf 87' lang='lat' dir='ltr'><strong><em>Aesoniden</em></strong></span> <span class='ocrx_word' id='word_1_214' title='bbox 1055 3307 1257 3376; x_wconf 87' lang='lat' dir='ltr'><strong><em>Alemoniden</em></strong></span> <span class='ocrx_word' id='word_1_215' title='bbox 1271 3306 1574 3391; x_wconf 89' lang='lat' dir='ltr'><strong><em>Amphitryoniaden</em></strong></span> 
     </span>
     <span class='ocr_line' id='line_1_28' title="bbox 340 3413 1572 3498; baseline 0.002 -19"><span class='ocrx_word' id='word_1_216' title='bbox 340 3413 534 3498; x_wconf 85' lang='lat' dir='ltr'><strong><em>Ampyciden</em></strong></span> <span class='ocrx_word' id='word_1_217' title='bbox 556 3415 676 3482; x_wconf 90' lang='lat' dir='ltr'><strong><em>Booten</em></strong></span> <span class='ocrx_word' id='word_1_218' title='bbox 699 3418 805 3484; x_wconf 89' lang='lat' dir='ltr'><strong><em>Buten</em></strong></span> <span class='ocrx_word' id='word_1_219' title='bbox 831 3417 972 3484; x_wconf 76' lang='lat' dir='ltr'><strong><em>domem</em></strong></span> <span class='ocrx_word' id='word_1_220' title='bbox 989 3417 1163 3484; x_wconf 81' lang='lat' dir='ltr'><strong><em>Coroniden</em></strong></span> <span class='ocrx_word' id='word_1_221' title='bbox 1178 3416 1355 3482; x_wconf 86' lang='lat' dir='ltr'><strong><em>Deioniden</em></strong></span> <span class='ocrx_word' id='word_1_222' title='bbox 1370 3414 1572 3498; x_wconf 83' lang='lat' dir='ltr'><strong><em>Hippadaten</em></strong></span> 
     </span>
     <span class='ocr_line' id='line_1_29' title="bbox 340 3519 1572 3608; baseline 0.002 -20"><span class='ocrx_word' id='word_1_223' title='bbox 340 3522 554 3605; x_wconf 87' lang='lat' dir='ltr'><strong><em>Hippomenen</em></strong></span> <span class='ocrx_word' id='word_1_224' title='bbox 578 3523 685 3607; x_wconf 90' lang='lat' dir='ltr'><strong><em>Hylen</em></strong></span> <span class='ocrx_word' id='word_1_225' title='bbox 708 3524 836 3590; x_wconf 86' lang='lat' dir='ltr'><strong><em>Iliaden</em></strong></span> <span class='ocrx_word' id='word_1_226' title='bbox 859 3524 1017 3608; x_wconf 87' lang='lat' dir='ltr'><strong><em>Iphitiden</em></strong></span> <span class='ocrx_word' id='word_1_227' title='bbox 1037 3524 1195 3591; x_wconf 89' lang='lat' dir='ltr'><strong><em>Menoeten</em></strong></span> <span class='ocrx_word' id='word_1_228' title='bbox 1213 3519 1363 3590; x_wconf 87' lang='lat' dir='ltr'><strong><em>Oleniden</em></strong></span> <span class='ocrx_word' id='word_1_229' title='bbox 1378 3522 1572 3591; x_wconf 83' lang='lat' dir='ltr'><strong><em>Palameden</em></strong></span> 
     </span>
     <span class='ocr_line' id='line_1_30' title="bbox 340 3629 1570 3714; baseline 0.002 -19"><span class='ocrx_word' id='word_1_230' title='bbox 340 3629 470 3696; x_wconf 90' lang='lat' dir='ltr'><strong><em>Peliden</em></strong></span> <span class='ocrx_word' id='word_1_231' title='bbox 493 3631 706 3698; x_wconf 87' lang='lat' dir='ltr'><strong><em>Poeantiaden</em></strong></span> <span class='ocrx_word' id='word_1_232' title='bbox 732 3633 848 3699; x_wconf 88' lang='lat' dir='ltr'><strong><em>Politen</em></strong></span> <span class='ocrx_word' id='word_1_233' title='bbox 871 3633 1058 3698; x_wconf 90' lang='lat' dir='ltr'><strong><em>Priamiden</em></strong></span> <span class='ocrx_word' id='word_1_234' title='bbox 1081 3631 1271 3698; x_wconf 80' lang='lat' dir='ltr'><strong><em>Procrusten</em></strong></span> <span class='ocrx_word' id='word_1_235' title='bbox 1294 3629 1452 3714; x_wconf 89' lang='lat' dir='ltr'><strong><em>Pyracten</em></strong></span> <span class='ocrx_word' id='word_1_236' title='bbox 1476 3629 1570 3714; x_wconf 78' lang='lat' dir='ltr'><strong><em>spor-</em></strong></span> 
     </span>
     <span class='ocr_line' id='line_1_31' title="bbox 341 3737 1573 3824; baseline 0 -19"><span class='ocrx_word' id='word_1_237' title='bbox 341 3739 503 3805; x_wconf 88' lang='lat' dir='ltr'><strong><em>chioniden</em></strong></span> <span class='ocrx_word' id='word_1_238' title='bbox 528 3739 634 3824; x_wconf 82' lang='lat' dir='ltr'><strong><em>Tayen</em></strong></span> <span class='ocrx_word' id='word_1_239' title='bbox 661 3739 804 3822; x_wconf 84' lang='lat' dir='ltr'><strong><em>Tydiden</em></strong></span> <span class='ocrx_word' id='word_1_240' title='bbox 828 3778 870 3786; x_wconf 93' lang='lat'>—</span> <span class='ocrx_word' id='word_1_241' title='bbox 894 3739 1011 3806; x_wconf 90' lang='lat' dir='ltr'><strong><em>Aetnen</em></strong></span> <span class='ocrx_word' id='word_1_242' title='bbox 1035 3739 1193 3824; x_wconf 89' lang='lat' dir='ltr'><strong><em>Alcyonen</em></strong></span> <span class='ocrx_word' id='word_1_243' title='bbox 1207 3737 1402 3822; x_wconf 89' lang='lat' dir='ltr'><strong><em>Amymonen</em></strong></span> <span class='ocrx_word' id='word_1_244' title='bbox 1418 3737 1573 3822; x_wconf 88' lang='lat' dir='ltr'><strong><em>Anaphen</em></strong></span> 
     </span>
     <span class='ocr_line' id='line_1_32' title="bbox 340 3845 1574 3931; baseline 0.001 -19"><span class='ocrx_word' id='word_1_245' title='bbox 340 3846 551 3914; x_wconf 70' lang='lat' dir='ltr'><strong><em>Anaxareten</em></strong></span> <span class='ocrx_word' id='word_1_246' title='bbox 581 3846 754 3931; x_wconf 85' lang='lat' dir='ltr'><strong><em>Antiyonen</em></strong></span> <span class='ocrx_word' id='word_1_247' title='bbox 785 3846 929 3914; x_wconf 84' lang='lat' dir='ltr'><strong><em>Asterien</em></strong></span> <span class='ocrx_word' id='word_1_248' title='bbox 956 3847 1097 3930; x_wconf 78' lang='lat' dir='ltr'><strong><em>Chrysen</em></strong></span> <span class='ocrx_word' id='word_1_249' title='bbox 1122 3846 1232 3914; x_wconf 86' lang='lat' dir='ltr'><strong><em>Gircen</em></strong></span> <span class='ocrx_word' id='word_1_250' title='bbox 1257 3847 1425 3930; x_wconf 78' lang='lat' dir='ltr'><strong><em>Clymenen</em></strong></span> <span class='ocrx_word' id='word_1_251' title='bbox 1450 3845 1574 3929; x_wconf 86' lang='lat' dir='ltr'><strong><em>Glytien</em></strong></span> 
     </span>
     <span class='ocr_line' id='line_1_33' title="bbox 342 3952 1575 4038; baseline 0 -17"><span class='ocrx_word' id='word_1_252' title='bbox 342 3952 451 4021; x_wconf 63' lang='lat' dir='ltr'><strong><em>&amp;den</em></strong></span> <span class='ocrx_word' id='word_1_253' title='bbox 476 3953 605 4037; x_wconf 87' lang='lat' dir='ltr'><strong><em>Gyanen</em></strong></span> <span class='ocrx_word' id='word_1_254' title='bbox 626 3955 773 4038; x_wconf 76' lang='lat' dir='ltr'><strong><em>Cyllenen</em></strong></span> <span class='ocrx_word' id='word_1_255' title='bbox 787 3955 928 4022; x_wconf 91' lang='lat' dir='ltr'><strong><em>Danaen</em></strong></span> <span class='ocrx_word' id='word_1_256' title='bbox 944 3955 1064 4022; x_wconf 86' lang='lat' dir='ltr'><strong><em>Dircen</em></strong></span> <span class='ocrx_word' id='word_1_257' title='bbox 1079 3955 1231 4038; x_wconf 90' lang='lat' dir='ltr'><strong><em>Dryopen</em></strong></span> <span class='ocrx_word' id='word_1_258' title='bbox 1245 3954 1398 4038; x_wconf 83' lang='lat' dir='ltr'><strong><em>Ephyren</em></strong></span> <span class='ocrx_word' id='word_1_259' title='bbox 1412 3953 1575 4038; x_wconf 58' lang='grc' dir='ltr'><strong>Ειιροιιοιι</strong></span> 
     </span>
     <span class='ocr_line' id='line_1_34' title="bbox 341 4060 1575 4148; baseline 0.001 -21"><span class='ocrx_word' id='word_1_260' title='bbox 341 4062 491 4145; x_wconf 86' lang='lat' dir='ltr'><strong><em>Europen</em></strong></span> <span class='ocrx_word' id='word_1_261' title='bbox 513 4062 697 4145; x_wconf 86' lang='lat' dir='ltr'><strong><em>Eurydicen</em></strong></span> <span class='ocrx_word' id='word_1_262' title='bbox 723 4063 846 4148; x_wconf 84' lang='lat' dir='ltr'><strong><em>Gorpen</em></strong></span> <span class='ocrx_word' id='word_1_263' title='bbox 862 4063 1001 4129; x_wconf 88' lang='lat' dir='ltr'><strong><em>Hecaten</em></strong></span> <span class='ocrx_word' id='word_1_264' title='bbox 1016 4061 1147 4129; x_wconf 86' lang='lat' dir='ltr'><strong><em>Helicen</em></strong></span> <span class='ocrx_word' id='word_1_265' title='bbox 1162 4061 1336 4145; x_wconf 84' lang='lat' dir='ltr'><strong><em>Hesperien</em></strong></span> <span class='ocrx_word' id='word_1_266' title='bbox 1351 4060 1575 4144; x_wconf 87' lang='lat' dir='ltr'><strong><em>Hippodamen</em></strong></span> 
     </span>
     <span class='ocr_line' id='line_1_35' title="bbox 342 4168 1575 4253; baseline 0.002 -19"><span class='ocrx_word' id='word_1_267' title='bbox 342 4168 478 4236; x_wconf 87' lang='lat' dir='ltr'><strong><em>Ianthen</em></strong></span> <span class='ocrx_word' id='word_1_268' title='bbox 500 4169 626 4236; x_wconf 88' lang='lat' dir='ltr'><strong><em>Idalien</em></strong></span> <span class='ocrx_word' id='word_1_269' title='bbox 649 4170 814 4236; x_wconf 82' lang='lat' dir='ltr'><strong><em>Inarinaen</em></strong></span> <span class='ocrx_word' id='word_1_270' title='bbox 837 4170 926 4236; x_wconf 89' lang='lat' dir='ltr'><strong><em>Iolen</em></strong></span> <span class='ocrx_word' id='word_1_271' title='bbox 948 4171 1042 4237; x_wconf 85' lang='lat' dir='ltr'><strong><em>Issen</em></strong></span> <span class='ocrx_word' id='word_1_272' title='bbox 1057 4170 1249 4238; x_wconf 86' lang='lat' dir='ltr'><strong><em>Leucothoen</em></strong></span> <span class='ocrx_word' id='word_1_273' title='bbox 1266 4170 1416 4253; x_wconf 73' lang='lat' dir='ltr'><strong><em>limyren</em></strong></span> <span class='ocrx_word' id='word_1_274' title='bbox 1431 4169 1575 4237; x_wconf 79' lang='lat' dir='ltr'><strong><em>Moeno</em></strong></span> 
     </span>
     <span class='ocr_line' id='line_1_36' title="bbox 341 4273 1575 4362; baseline 0.002 -19"><span class='ocrx_word' id='word_1_275' title='bbox 341 4298 440 4359; x_wconf 83' lang='lat' dir='ltr'><strong><em>synen</em></strong></span> <span class='ocrx_word' id='word_1_276' title='bbox 463 4277 586 4344; x_wconf 86' lang='lat' dir='ltr'><strong><em>Niohen</em></strong></span> <span class='ocrx_word' id='word_1_277' title='bbox 609 4277 814 4361; x_wconf 86' lang='lat' dir='ltr'><strong><em>Nyctimenen</em></strong></span> <span class='ocrx_word' id='word_1_278' title='bbox 840 4275 1018 4362; x_wconf 90' lang='lat' dir='ltr'><strong><em>Ocyrrhoen</em></strong></span> <span class='ocrx_word' id='word_1_279' title='bbox 1045 4274 1138 4346; x_wconf 89' lang='lat' dir='ltr'><strong><em>Oeten</em></strong></span> <span class='ocrx_word' id='word_1_280' title='bbox 1158 4276 1375 4362; x_wconf 89' lang='lat' dir='ltr'><strong><em>Parthenopen</em></strong></span> <span class='ocrx_word' id='word_1_281' title='bbox 1390 4273 1575 4360; x_wconf 84' lang='lat' dir='ltr'><strong><em>Pasiphaen</em></strong></span> 
     </span>
     <span class='ocr_line' id='line_1_37' title="bbox 341 4384 1573 4470; baseline 0.001 -22"><span class='ocrx_word' id='word_1_282' title='bbox 341 4385 515 4450; x_wconf 89' lang='lat' dir='ltr'><strong><em>Perimelen</em></strong></span> <span class='ocrx_word' id='word_1_283' title='bbox 549 4385 762 4469; x_wconf 87' lang='lat' dir='ltr'><strong><em>Persephonen</em></strong></span> <span class='ocrx_word' id='word_1_284' title='bbox 793 4387 930 4454; x_wconf 89' lang='lat' dir='ltr'><strong><em>Pitanen</em></strong></span> <span class='ocrx_word' id='word_1_285' title='bbox 963 4386 1137 4470; x_wconf 87' lang='lat' dir='ltr'><strong><em>Prochyten</em></strong></span> <span class='ocrx_word' id='word_1_286' title='bbox 1171 4385 1313 4453; x_wconf 88' lang='lat' dir='ltr'><strong><em>Procnen</em></strong></span> <span class='ocrx_word' id='word_1_287' title='bbox 1348 4384 1573 4453; x_wconf 86' lang='lat' dir='ltr'><strong><em>Psammathen</em></strong></span> 
     </span>
     <span class='ocr_line' id='line_1_38' title="bbox 343 4492 1574 4578; baseline 0.002 -22"><span class='ocrx_word' id='word_1_288' title='bbox 343 4492 513 4574; x_wconf 83' lang='lat' dir='ltr'><strong><em>Rhodopen</em></strong></span> <span class='ocrx_word' id='word_1_289' title='bbox 537 4493 674 4558; x_wconf 82' lang='lat' dir='ltr'><strong><em>Semelen</em></strong></span> <span class='ocrx_word' id='word_1_290' title='bbox 698 4494 833 4577; x_wconf 81' lang='lat' dir='ltr'><strong><em>Sparten</em></strong></span> <span class='ocrx_word' id='word_1_291' title='bbox 858 4495 1013 4578; x_wconf 82' lang='lat' dir='ltr'><strong><em>Tnyyeten</em></strong></span> <span class='ocrx_word' id='word_1_292' title='bbox 1036 4494 1183 4561; x_wconf 82' lang='lat' dir='ltr'><strong><em>Zanclen.</em></strong></span> <span class='ocrx_word' id='word_1_293' title='bbox 1232 4494 1394 4559; x_wconf 89' lang='lat' dir='ltr'><strong><em>accedunt</em></strong></span> <span class='ocrx_word' id='word_1_294' title='bbox 1416 4493 1574 4559; x_wconf 89' lang='lat' dir='ltr'><strong><em>nonnulla</em></strong></span> 
     </span>
    </p>
   </div>
   <div class='ocr_carea' id='block_1_5' title="bbox 343 4598 1572 4687">
    <p class='ocr_par' dir='ltr' id='par_1_8' title="bbox 343 4598 1572 4687">
     <span class='ocr_line' id='line_1_39' title="bbox 343 4598 1572 4687; baseline 0.002 -22"><span class='ocrx_word' id='word_1_295' title='bbox 343 4598 560 4681; x_wconf 86' lang='lat' dir='ltr'><strong><em>appellativa:</em></strong></span> <span class='ocrx_word' id='word_1_296' title='bbox 592 4601 712 4684; x_wconf 85' lang='lat' dir='ltr'><strong><em>harpen</em></strong></span> <span class='ocrx_word' id='word_1_297' title='bbox 736 4601 765 4666; x_wconf 91' lang='lat' dir='ltr'>V</span> <span class='ocrx_word' id='word_1_298' title='bbox 788 4601 845 4684; x_wconf 87' lang='lat'><strong><em>69,</em></strong></span> <span class='ocrx_word' id='word_1_299' title='bbox 872 4603 989 4685; x_wconf 86' lang='lat' dir='ltr'><strong><em>phocen</em></strong></span> <span class='ocrx_word' id='word_1_300' title='bbox 1012 4602 1078 4670; x_wconf 86' lang='lat' dir='ltr'><strong><em>VII</em></strong></span> <span class='ocrx_word' id='word_1_301' title='bbox 1102 4601 1182 4684; x_wconf 83' lang='lat'><strong>389,</strong></span> <span class='ocrx_word' id='word_1_302' title='bbox 1213 4601 1367 4687; x_wconf 89' lang='lat' dir='ltr'><strong><em>nymphen</em></strong></span> <span class='ocrx_word' id='word_1_303' title='bbox 1391 4599 1472 4665; x_wconf 88' lang='lat' dir='ltr'><strong><em>XIV</em></strong></span> <span class='ocrx_word' id='word_1_304' title='bbox 1496 4600 1572 4667; x_wconf 87' lang='lat'><strong>333.</strong></span> 
     </span>
    </p>
   </div>
   <div class='ocr_carea' id='block_1_6' title="bbox 0 0 1754 5310">
    <p class='ocr_par' dir='ltr' id='par_1_9' title="bbox 0 0 1754 5310">
     <span class='ocr_line' id='line_1_40' title="bbox 0 0 1754 5310; baseline 0 0"><span class='ocrx_word' id='word_1_305' title='bbox 0 0 1754 5310; x_wconf 95' lang='lat' dir='ltr'><strong><em> </em></strong></span> 
     </span>
    </p>
   </div>
  </div>
 </body>
</html>
