3442 5324
653 419 780 518 -43

469 739 561 823 cerit,
585 740 755 806 renuntiat
778 740 821 827 (v.
841 739 990 824 utrisq).

413 849 443 912 2.
467 848 626 914 Hercules
654 848 726 929 ipse
756 854 895 930 apparet
927 847 1107 928 quibusque
1131 846 1298 913 doloribus
1326 846 1371 912 sit

468 955 684 1037 excruciatus
698 974 763 1020 una
773 974 845 1021 cum
854 954 952 1020 choro
968 954 1167 1020 lamentatur
1175 954 1218 1038 (v.
1226 955 1291 1020 983
1297 953 1369 1038 sq).

414 1083 443 1147 1.
468 1081 628 1163 Oedipum
637 1080 741 1146 oculis
750 1077 1370 1165 seprivavissenuntiatur(v.1223sq).

165 1187 246 1253 Oed.
263 1188 345 1271 Reg.
412 1191 441 1253 2.
466 1189 538 1254 Rex
565 1189 637 1270 ipse
667 1188 702 1254 in
729 1206 881 1254 scaenam
909 1187 1021 1268 prodit
1050 1193 1148 1267 atque
1176 1203 1249 1253 cum
1272 1187 1369 1252 choro

466 1293 592 1378 κομμὸν
616 1294 688 1378 agit
710 1293 754 1380 (v.
774 1294 858 1360 1307
871 1293 944 1380 sq).

413 1424 440 1485 1.
466 1418 608 1486 Nuntius
638 1437 733 1500 quem
763 1421 806 1485 ad
835 1420 964 1485 modum
994 1419 1140 1500 Oedipus
1173 1420 1215 1485 ad
1245 1419 1371 1485 inferos

468 1526 674 1593 descenderit
696 1527 865 1592 renuntiat
888 1525 932 1612 (v.
952 1526 1037 1591 1579
1050 1527 1122 1609 sq).

413 1637 442 1701 2.
469 1634 637 1718 Antigona
660 1639 694 1699 et
708 1634 839 1699 Ismena
855 1653 926 1700 cum
947 1633 1045 1699 choro
1070 1635 1278 1716 κομματικῶς
1301 1653 1370 1699 sor-

468 1749 533 1808 tem
558 1761 650 1808 suam
673 1740 788 1824 lugent
811 1738 854 1825 (v.
875 1740 960 1806 1670
973 1739 1044 1824 sq).

234 1865 287 1932 lta
310 1869 391 1934 duas
414 1866 491 1933 illas
518 1885 572 1932 res
600 1867 687 1931 inter
710 1885 745 1931 se
769 1865 1026 1948 diversissimas,
1055 1866 1278 1931 narrationem
1302 1867 1371 1948 epi-

139 1992 217 2039 cam
250 1979 283 2039 et
314 1974 465 2054 querelas
494 1973 628 2057 lyricas
662 1977 816 2038 accurate
848 1971 994 2054 disiungi
1028 1971 1185 2039 videmus.
1232 1973 1305 2056 Qua
1336 1973 1371 2038 in

139 2080 286 2162 ratione,
320 2081 441 2163 quippe
474 2099 570 2160 quam
603 2080 780 2161 Sophocles
815 2080 927 2145 eodem
960 2080 1054 2145 modo
1086 2086 1242 2160 sequatur
1273 2087 1371 2160 atque

139 2188 328 2271 Aeschylus
362 2187 618 2270 lduripidesque,
654 2187 832 2269 vestigium
865 2187 972 2254 inesse
1006 2187 1087 2253 mihi
1119 2187 1251 2254 videtur
1285 2189 1372 2254 anti·

140 2294 322 2376 quissimae
345 2295 436 2360 illius
460 2295 666 2376 tragoediae,
695 2313 792 2374 quam
817 2294 972 2360 eomodo
1001 2300 1112 2360 natam
1137 2313 1208 2360 esse
1231 2300 1369 2378 constat,

140 2407 180 2467 ut
204 2403 246 2466 ad
269 2403 401 2468 chorum
432 2406 601 2468 canentem
629 2421 770 2484 persona
798 2402 982 2484 accederet,
1015 2421 1098 2482 quae
1126 2421 1198 2468 cum
1225 2402 1283 2468 illo
1308 2403 1371 2469 ali-

139 2508 224 2590 quid
246 2509 507 2575 communicaret.

233 2616 350 2696 Itaque
379 2635 438 2699 pro
462 2621 551 2682 certo
575 2617 679 2682 habeo
703 2615 811 2682 nuntii
839 2621 952 2698 partes
980 2615 1047 2682 iam
1075 2616 1110 2682 in
1140 2617 1371 2696 antiquissima

142 2723 249 2788 luisse
276 2723 449 2805 tragoedia
460 2722 493 2809 ¹).
540 2723 632 2806 Quae
661 2723 760 2788 etiam
788 2723 1030 2805 retinebantur,
1059 2729 1232 2806 postquam
1260 2731 1370 2790 actore

141 2830 249 2896 altero
273 2829 407 2896 invento
437 2849 502 2895 non
525 2829 629 2896 solum
653 2830 770 2895 chorus
794 2829 829 2894 id
852 2831 939 2910 quod
962 2829 1029 2895 alio
1053 2836 1180 2911 gestum
1204 2838 1277 2897 erat
1298 2831 1370 2898 loco

140 2935 294 3002 versibus
321 2936 438 3019 lyricis
460 2939 731 3018 persequebatur,
760 2937 817 3002 sed
839 2955 893 3002 res
917 2937 1009 3018 ipsae
1032 2937 1068 3002 in
1091 2956 1211 3003 scaena
1233 2957 1371 3020 perage-

140 3046 273 3110 bantur.
319 3042 396 3109 Nisi
423 3043 509 3108 enirn
537 3042 645 3108 nuntii
668 3049 780 3124 partes
804 3062 876 3108 cum
899 3042 1073 3124 tragoedia
1101 3043 1174 3125 ipsa
1197 3051 1371 3110 enascente

142 3149 311 3216 artissime
339 3151 565 3230 cohaererent,
597 3168 696 3232 saepe
725 3149 874 3232 intellegi
902 3168 967 3215 non
990 3157 1114 3232 posset,
1146 3167 1209 3230 quo
1233 3151 1371 3217 consilio

141 3257 200 3322 ille
221 3256 442 3338 adhiberetur,
467 3256 662 3338 praesertim
679 3275 760 3339 cum,
785 3261 958 3338 postquam
982 3257 1091 3322 omnia
1114 3258 1212 3338 plane
1235 3277 1274 3323 ac
1297 3277 1371 3340 per-

142 3364 256 3446 spicue
291 3382 350 3445 per
384 3363 532 3429 nuntium
568 3363 734 3444 explicata
768 3369 857 3444 sunt,
893 3382 1053 3445 personae
1088 3365 1127 3429 de
1162 3365 1280 3444 quibus
1314 3365 1371 3431 ille

142 3475 246 3538 verba
271 3471 360 3553 fecit,
385 3470 478 3552 ipsae
502 3471 537 3536 in
558 3490 710 3536 scaenam
733 3488 929 3553 progressae
953 3470 1070 3553 lyricis
1093 3471 1198 3537 modis
1222 3471 1257 3537 id
1279 3472 1371 3555 luge-

142 3585 226 3660 rent,
251 3580 338 3659 quod
359 3577 494 3644 nuntius
517 3577 612 3659 epica
634 3577 825 3643 narratione
847 3577 1039 3644 rettulisset.

233 3684 285 3751 Ab
309 3685 371 3751 hac
398 3684 527 3750 ratione
551 3685 707 3750 abhorret
729 3683 831 3750 Aiax
856 3683 983 3766 sabula,
1015 3684 1050 3748 in
1074 3703 1139 3765 qua
1168 3691 1371 3767 spectatores

143 3792 236 3858 illum
264 3791 329 3858 sibi
352 3797 489 3858 mortem
513 3790 713 3857 conscivisse
740 3812 805 3858 non
835 3810 895 3873 per
917 3791 1066 3857 nuntium
1090 3791 1248 3858 certiores
1276 3792 1369 3875 fiunt,

144 3901 201 3965 sed
231 3917 352 3965 scaena
379 3902 506 3964 mutata
534 3897 641 3980 ipsum
664 3897 884 3980 conspiciunt,
917 3917 989 3964 cum
1017 3898 1188 3981 gladiose
1221 3899 1371 3965 immittit

145 4005 187 4089 (v.
201 4005 281 4088 815)
291 4003 325 4089 ²).
373 4004 466 4088 Quod
489 4004 666 4085 Sophocles
689 4005 837 4070 consulto
861 4005 1006 4071 novavit.
1052 4005 1138 4071 Nam
1161 4005 1197 4071 in
1212 4005 1370 4090 Aeschyli

416 635 443 699 1.
469 633 589 717 Hyllus
618 633 799 700 Deianirae
829 633 908 714 quid
935 632 1129 700 vestimento
1161 632 1260 698 misso
1292 631 1370 698 effe-

166 793 320 860 Trachin.
375 630 395 1042 ζ

163 1580 246 1646 Oed.
264 1581 331 1647 Ool.

235 4253 254 4322 ¹)
274 4252 335 4319 Qua
353 4251 386 4306 de
404 4267 434 4306 re
453 4253 593 4306 consentio
612 4268 674 4306 cum
693 4252 725 4310 H.
739 4252 875 4324 Hornnng
894 4252 912 4309 l.
927 4269 948 4308 c.
968 4269 993 4322 p.
1008 4255 1086 4309 4-5.

233 4341 316 4410 ¹)Of.
342 4339 424 4397 schol.
444 4341 480 4394 ad
498 4357 523 4394 v.
537 4341 604 4396 815:
640 4349 875 4413 perextremae
900 4338 915 4411 ἡ
941 4339 1041 4410 σκηνὴ
1066 4341 1124 4398 τοῦ
1147 4341 1254 4414 χοροῦ
1279 4345 1369 4404 ἐξελ-

147 4428 266 4492 θόντος
285 4460 318 4469 -
337 4427 534 4502 μετάκειται
553 4426 568 4499 ἡ
588 4429 690 4500 σκηνὴ
710 4433 766 4486 ἐπὶ
784 4429 912 4502 ἐρήμου
929 4428 1023 4493 τινὸς
1040 4439 1178 4502 χωρίου.

232 4519 348 4587 Lobeck,
367 4519 446 4588 Soph.
460 4521 531 4574 Aiax
551 4521 562 4552 ³
581 4520 642 4575 adn.
663 4520 697 4574 ad
717 4537 742 4576 v.
756 4521 816 4576 813.
855 4521 965 4575 Nilsson
984 4520 1003 4578 l.
1017 4537 1039 4575 c.
1058 4538 1083 4590 p.
1098 4523 1131 4576 37
1143 4538 1181 4590 sq.

233 4609 430 4664 Bodensteiner
448 4609 467 4665 l.
481 4626 503 4666 c.
522 4627 546 4678 p.
561 4609 622 4666 651.
660 4609 906 4678 Ddrpield·Reisch
925 4610 942 4666 l.
957 4626 978 4666 c.
998 4625 1023 4679 p.
1037 4613 1097 4666 212.
