3442 5324
744 408 787 472 39

368 609 507 700 χοῦτος
530 615 611 700 τάχ’
634 614 678 685 ἂν
702 617 896 709 φρόνησιν
920 617 1106 707 ἐντούτῳ
1130 618 1246 708 λάβοι

370 722 452 810 lullo
475 723 547 792 τιν’
570 724 671 814 ἡμῖν.
721 723 765 793 voi
788 725 849 811 μὲν
872 718 930 794 οὖν
953 725 1163 816 ὁρμώμεθον,

368 830 482 917 ὑμεῖς
505 831 545 911 δ’,
569 831 662 900 ὅταν
684 836 877 918 καλῶμεν,
901 833 1106 924 ὁρμᾶσθαι
1129 841 1276 916 ταχεῖς.

245 959 476 1040 Neoptolemus
505 959 609 1041 igitur
636 979 671 1026 se
695 961 827 1026 eborum
855 961 1011 1027 hocloco
1035 961 1218 1028 deseruisse
1247 961 1382 1030 simulat

154 1065 307 1148 precibus
337 1065 540 1132 Philoctetae
570 1066 693 1133 victum
727 1074 826 1148 atque
857 1087 916 1150 spe
945 1069 1121 1136 adductum
1155 1068 1227 1134 fore
1256 1075 1293 1134 ut
1324 1068 1382 1135 ille

155 1173 353 1239 sententiam
376 1178 488 1239 mutet.

243 1280 293 1345 Re
316 1285 424 1347 autem
447 1299 528 1347 vera
551 1280 585 1346 id
608 1300 629 1346 a
652 1286 750 1363 poeta
774 1281 822 1348 ita
846 1282 1041 1365 instituitur,
1066 1289 1103 1349 ut
1123 1284 1221 1350 choro
1246 1285 1382 1350 eundem

152 1386 316 1453 retinente
343 1387 451 1453 locum
475 1387 574 1454 etiam
601 1388 731 1469 reliqua
760 1389 894 1456 fabulae
922 1409 1001 1472 pars
1025 1391 1068 1456 ad
1094 1410 1226 1473 specum
1249 1391 1381 1458 Philoc-

153 1501 242 1561 tetae
266 1500 394 1576 agatur.

247 1601 347 1668 Ouius
399 1601 450 1668 rei
501 1602 734 1685 gravissimum
788 1605 970 1687 exemplum
1020 1606 1158 1687 praebet
1209 1605 1381 1688 Oedipus

152 1709 356 1776 Coloneus.

244 1817 447 1900 Quamquam
472 1817 558 1883 enim
582 1817 727 1900 Oedipus
747 1818 919 1885 Creontem
943 1819 1037 1886 brevi
1060 1820 1275 1886 adventurum
1299 1840 1379 1903 esse,

152 1929 189 1990 ut
220 1923 327 2006 ipsum
351 1924 481 1990 Thebas
504 1926 688 2007 reduceret,
718 1945 758 1991 ex
783 1927 915 1992 Ismene
937 1927 1080 2009 audivit,
1112 1933 1210 2008 atque
1237 1928 1382 1994 Theseus

152 2030 295 2096 arbitrio
320 2030 425 2112 ipsius
446 2031 613 2115 permisit,
644 2039 681 2097 ut
703 2033 756 2099 vel
786 2033 822 2098 in
843 2052 975 2099 nemore
997 2041 1182 2100 remaneret
1204 2035 1257 2101 vel
1280 2054 1316 2100 se
1339 2035 1382 2100 ad

151 2137 281 2220 regiam
309 2145 501 2218 sequeretur
524 2139 567 2224 (v.
586 2139 650 2205 638
663 2138 740 2226 sq.),
772 2140 828 2206 ille
856 2147 966 2207 tamen
989 2141 1074 2206 bunc
1097 2142 1203 2207 locum
1232 2142 1380 2208 obtinere

152 2245 274 2328 pergit,
298 2245 424 2311 Theseo
448 2252 556 2312 autem
579 2246 725 2312 monenti
747 2248 923 2329 respondet
945 2248 1027 2314 haec
1050 2247 1094 2333 (v.
1113 2248 1177 2313 644
1202 2255 1235 2314 et
1258 2247 1329 2334 46):

367 2370 399 2435 εἲ
420 2393 479 2453 μοι
501 2366 603 2453 θέμις
625 2367 653 2454 γ’
676 2361 732 2459 ἦν·
757 2367 836 2438 ἀλλ’
860 2369 878 2438 ὁ
900 2369 1025 2461 χῶρός
1048 2369 1131 2439 ἐσθ’
1154 2369 1219 2439 ὅδε

369 2474 408 2542 ἐν
431 2464 458 2562 ᾧ
480 2474 659 2566 apartium
682 2481 757 2545 τῶν
779 2475 835 2562 ἔμ’
859 2475 1156 2567 ἕκβεβληκότων.

243 2602 348 2686 Quam
372 2602 616 2669 excusationem
644 2604 723 2685 quin
747 2604 923 2687 Sophocles
951 2608 992 2672 ob
1017 2625 1088 2672 eam
1119 2606 1221 2672 solam
1246 2625 1378 2672 causam

150 2709 295 2791 finxerit,
327 2717 363 2775 ut
387 2709 532 2792 Oedipus
557 2711 656 2776 etiam
684 2711 719 2777 in
742 2711 870 2792 reliqua
899 2712 1014 2779 fabula
1036 2712 1143 2780 locum
1173 2713 1265 2779 illum
1289 2720 1378 2779 tene-

149 2825 218 2900 ret,
251 2817 383 2883 dubium
414 2837 485 2884 esse
515 2836 580 2884 non
608 2825 726 2900 potest.
773 2820 856 2885 Nam
884 2821 970 2900 quod
994 2819 1153 2902 Oedipum
1183 2821 1218 2886 in
1248 2841 1378 2887 nemore

150 2924 370 2990 Eumenidum
400 2924 534 2991 devita
565 2944 636 2991 esse
664 2926 870 2993 decessurum
901 2927 1033 2993 oraculo
1061 2926 1265 3009 praedictum
1296 2934 1376 3011 erat,

150 3050 217 3096 non
249 3032 417 3112 obstabat,
452 3031 624 3112 quominus
659 3031 694 3097 in
718 3032 836 3098 Thesei
870 3032 965 3098 iidem
995 3053 1031 3099 se
1061 3033 1240 3116 conferret,
1277 3036 1378 3100 donec

150 3137 334 3220 periculum
357 3138 444 3218 quod
466 3137 659 3204 imminebat
681 3139 861 3206 tolleretur.

242 3253 351 3320 Simili
373 3254 468 3318 modo
491 3261 590 3335 poeta
612 3255 765 3336 probibet
788 3275 828 3321 ne
850 3274 1010 3337 personae
1033 3259 1149 3323 adres
1173 3259 1377 3339 peragendas

151 3363 300 3427 domum
325 3361 449 3443 ipsam
472 3361 682 3428 introeant.

242 3476 416 3544 Tecmessa
461 3477 546 3543 enim
592 3478 725 3544 chorum
764 3479 804 3544 de
850 3477 999 3546 facinore
1037 3480 1174 3547 Aiacis
1219 3488 1376 3548 nocturno

151 3585 301 3650 edoctum
324 3584 359 3650 in
382 3584 558 3650 tentorium
582 3584 708 3650 intrare
731 3585 823 3651 iubet
843 3585 896 3652 bis
919 3586 1030 3654 verbis
1055 3586 1098 3673 (v.
1116 3586 1297 3674 328-29):

365 3705 446 3786 ἀλλ’,
469 3698 497 3773 ὦ
519 3707 624 3797 φίλοι,
646 3705 771 3775 robor
793 3707 855 3798 γὰρ
878 3707 972 3776 εἵνεκ’
995 3707 1144 3799 ἐστάλην,

365 3812 501 3906 ἅρὴξατ’
523 3813 740 3895 εἰσελθόνιες,
764 3814 796 3882 εἰ
818 3813 967 3884 abacos
990 3842 1033 3886 rt.

242 3942 336 4025 Quod
358 3961 431 4008 cum
454 3960 514 4024 per
536 3961 589 4008 res
608 3942 777 4009 scaenicas
800 3942 875 4009 fieri
896 3963 962 4009 non
985 3944 1138 4027 potuerit,
1164 3944 1281 4012 chorus
1305 3965 1376 4013 eam

151 4056 240 4132 orat,
273 4055 310 4115 ut
340 4049 472 4116 ianuam
504 4050 640 4116 tentorii
672 4050 818 4132 aperiat;
863 4069 927 4132 qua
958 4069 995 4116 re
1028 4049 1187 4134 efficitur,
1221 4057 1257 4118 ut
1288 4053 1376 4119 Aiax

151 4162 287 4240 aspectu
310 4163 484 4224 nautarum
508 4156 639 4224 illorum
663 4164 840 4224 commotus
864 4157 899 4223 in
923 4176 1074 4224 scaenam
1097 4160 1264 4240 procedat.
1297 4187 1302 4210 ν

240 4264 368 4331 Deinde
406 4264 441 4330 in
479 4265 680 4347 Antigona
714 4265 831 4331 chorus
868 4264 1067 4346 nuntiusque
1101 4284 1173 4332 cum
1204 4267 1376 4349 repentino

151 4371 302 4438 locastae
331 4371 425 4438 abitu
451 4371 621 4454 perterriti
644 4371 778 4438 iamiam
801 4372 930 4438 domum
957 4371 1127 4438 introituri
1151 4380 1240 4456 sunt,
1272 4374 1377 4442 Oreon

153 4498 224 4546 cum
257 4479 436 4546 Haemonis
468 4479 719 4562 Antigonaeque
758 4480 949 4561 corporibus
983 4479 1180 4547 exanimatis
1213 4499 1376 4563 apparens

152 4586 284 4655 illosne
305 4587 339 4652 id
351 4589 437 4668 quod
459 4586 525 4655 sibi
541 4594 781 4671 proposuerunt
795 4586 968 4671 perficiant
983 4587 1136 4671 probibet
1151 4587 1374 4676 (v.1257sq.).
