3522 5310
756 301 799 366 59

204 497 284 562 129
319 506 404 562 teste
432 499 576 578 Ἔλευσις
609 502 641 566 ἐν
671 511 716 586 τῷ
746 504 813 590 περὶ
843 501 1014 590 Ἀχιλλέως
1049 507 1081 562 et
1118 495 1323 580 Ἀλέξανδρος
1357 505 1373 568 ὁ

202 609 331 686 Μύνδιος
354 610 384 673 ἐν
408 611 505 696 ὲνάτῳ
528 609 680 674 Μυδικῶν.
728 602 893 669 Eleusin
918 603 980 670 hoc
1004 602 1074 670 solo
1100 628 1117 670 e
1138 603 1210 670 loco
1235 627 1373 691 cognos-

203 713 307 776 cimus
343 733 448 798 aeque
484 720 581 798 atque
606 716 733 781 Mohtuo't
756 710 937 776 Alexandri
965 712 1090 798 Myndii
1117 712 1250 778 aliunde
1278 714 1373 780 nobis

201 829 277 885 note
292 841 358 886 non
374 829 458 884 sunt.
496 819 611 906 Itaque
630 816 847 884 Susamihlius
858 823 880 906 ¹)
898 840 1018 884 nomen
1034 819 1166 885 Eleusis
1183 822 1216 884 in
1233 822 1373 908 suspici·

202 949 299 991 onem
315 935 412 992 vocat
436 937 467 991 et
483 927 614 1013 Roeper
635 924 656 990 l.
669 924 690 992 l.
704 950 736 1012 p.
751 925 805 1006 35,
831 927 908 1013 quia
931 949 997 992 non
1013 925 1181 1012 intellegit,
1206 928 1372 1013 quomodo

201 1036 232 1098 in
269 1033 351 1098 libro
388 1035 443 1120 qui
477 1033 519 1098 de
555 1032 683 1099 Achille
722 1044 802 1113 erat,
842 1045 968 1121 septem
1009 1036 1204 1122 sapientium
1245 1033 1374 1121 phialae

203 1144 323 1206 mentio
347 1140 418 1205 fieri
441 1143 592 1228 potuerit,
615 1147 681 1234 περὶ
704 1137 877 1234 Ἀχιλλείου
903 1143 1052 1208 coniecit.
1100 1140 1168 1206 Sed
1191 1142 1310 1207 tradita
1333 1140 1374 1207 ab

203 1251 289 1314 omni
326 1250 514 1315 coniectura
553 1248 763 1314 defendenda
799 1258 882 1314 sunt.
949 1248 1140 1314 Athenaeus
1176 1252 1264 1314 enim
1300 1249 1372 1314 loeo

202 1358 258 1443 qui
297 1356 405 1421 adhue
446 1354 617 1442 neglectus
657 1366 708 1420 est
742 1355 793 1420 XI
821 1379 852 1442 p.
891 1357 987 1422 7810
1024 1366 1137 1421 narrat
1181 1354 1374 1444 Bathyclem

200 1461 355 1550 poculum
382 1465 566 1550 praemium
602 1465 845 1550 sapientissimo
882 1463 1024 1529 dedisse.
1090 1463 1156 1528 Sed
1185 1475 1259 1530 ente
1290 1463 1375 1530 hane

200 1568 354 1635 fabellam
378 1569 481 1635 verba
495 1567 576 1635 facit
596 1569 636 1634 de
662 1573 794 1655 egregio
818 1569 937 1657 poculo
955 1571 1042 1658 quod
1059 1569 1206 1636 Achilles
1222 1570 1375 1654 habebat,

201 1683 354 1768 ἐξαίρετόν
394 1706 425 1746 τι
468 1681 614 1770 ἀνάθημα
649 1684 754 1760 δέπας,
792 1674 872 1740 οὐδὲ
910 1700 956 1751 τις
995 1675 1091 1751 ἄλλος
1131 1674 1200 1741 οὔτ’
1243 1675 1376 1762 ἀνδρῶν

199 1787 349 1849 πίνεσκεν
372 1781 436 1848 u'rr'
460 1780 563 1848 αὐτοῦ
588 1782 664 1848 οὔτέ
685 1807 746 1870 τεῳ
771 1782 945 1848 σπένδεσκε
973 1787 1140 1868 <θεῶν>,
1174 1783 1228 1850 ὅτε
1250 1782 1293 1870 μή
1320 1788 1376 1848 Διί

200 1891 358 1976 (11225).
412 1892 515 1972 Quin
549 1889 620 1956 tali
655 1893 692 1956 in
728 1901 915 1958 contextu
949 1891 1082 1979 poculi
1117 1893 1182 1958 vel
1216 1891 1374 1980 phialae

199 1998 408 2086 Bathyelis
423 1998 584 2064 Eleusis
601 2001 639 2064 in
655 1998 794 2065 libello
811 2022 880 2065 suo
897 2000 946 2064 de
963 1999 1120 2066 Achille
1136 2002 1375 2066 mentionem

198 2105 353 2189 fecerit,
378 2130 452 2174 non
468 2106 614 2172 dubito.
646 2107 729 2171 Nam
747 2117 948 2196 quantopere
964 2107 1063 2194 vulgo
1080 2118 1193 2174 notum
1205 2106 1375 2195 Bethyclis

199 2213 355 2302 poculum
386 2214 496 2296 fuerit,
528 2214 725 2280 documento
751 2225 802 2278 est
824 2212 1019 2279 Plutarchus
1051 2216 1179 2280 eonviv.
1208 2215 1276 2280 VII
1304 2237 1374 2301 sap.

203 2323 245 2388 13
270 2329 306 2398 σὺ
331 2320 510 2408 (Aesopus)
533 2325 560 2391 δ’
593 2326 648 2392 οὐκ
676 2327 712 2390 ἀν
739 2327 927 2414 διαπέμψαιο
950 2329 1042 2414 δεῦρο
1072 2329 1109 2392 τὸ
1137 2329 1280 2415 ποτήριον
1304 2329 1377 2414 πρὸς

199 2437 293 2522 ἡμᾶς,
319 2435 396 2521 ὁρῶν
418 2433 548 2510 τούτους
571 2436 668 2520 ὥσπερ
691 2435 747 2526 τὴν
763 2433 962 2511 Βαθυκλέους
983 2434 1094 2500 κύλικα
1116 2436 1379 2523 διαπεμπομένους

202 2542 362 2623 ἀλλήλοις,
387 2539 480 2630 ἑτέρῳ
502 2544 539 2606 δὲ
563 2544 603 2630 μὴ
627 2543 864 2630 μοταδιδόυταςς

291 2643 442 2709 Peterem
460 2644 580 2710 donum
599 2643 669 2710 dari
685 2644 738 2709 vel
754 2646 936 2731 praemium
950 2643 1034 2709 edie
1052 2646 1228 2710 certamine
1241 2644 1379 2710 Homeri

192 2752 408 2838 ‚Hesiodique
431 2761 530 2838 patet,
567 2750 623 2816 ubi
648 2751 812 2816 Homerus
848 2761 1037 2836 argenteam
1072 2760 1219 2838 pateram
1253 2774 1273 2815 a
1300 2749 1377 2816 filiis

201 2859 313 2924 Midae
338 2860 467 2945 accipit,
498 2861 574 2946 quia
598 2861 800 2945 epigramma
825 2856 1010 2945 sepulcrale
1041 2859 1074 2922 in
1102 2867 1229 2946 patrem
1263 2880 1376 2923 eorum

200 2967 281 3030 lecit
304 2966 454 3048 (Hesiod.
478 2989 509 3052 p.
535 2965 676 3048 arraei
700 2965 783 3052 Ra).
832 2964 1054 3047 Quamobrem
1087 2974 1215 3051 septem
1247 2966 1376 3049 sapien·

199 3071 289 3138 tibus
312 3081 460 3159 pateram
476 3075 658 3159 praemium
677 3075 815 3160 proponi
839 3084 895 3138 aut
918 3073 1058 3159 relinqui
1081 3073 1200 3138 mirum
1224 3094 1292 3137 non
1315 3081 1375 3136 est.

203 3180 273 3246 Sed
308 3179 423 3244 horum
459 3179 500 3244 de
536 3179 647 3266 phiala
681 3189 738 3244 aut
775 3179 894 3267 poculo
935 3189 1101 3248 certamen
1136 3179 1376 3266 posterioribus

200 3287 405 3374 temporibus
435 3287 546 3351 fictum
580 3309 656 3352 esse
686 3286 816 3353 videtur
844 3309 944 3374 quam
975 3298 1141 3352 certamen
1173 3286 1213 3351 de
1249 3285 1376 3372 tripode

199 3395 336 3476 fectum,
361 3394 540 3481 quiaillud
565 3397 747 3481 praemium
772 3417 847 3460 curu
872 3395 996 3461 Croeso
1025 3404 1082 3460 aut
1103 3393 1264 3481 Bathycle
1300 3417 1376 3459 eon-

200 3504 348 3567 iunetum
374 3513 432 3568 est.
481 3502 566 3568 siin
587 3504 779 3568 memoriam
802 3502 898 3567 nobis
922 3504 1202 3584 revocaverimus,
1227 3524 1311 3588 quee
1335 3502 1376 3566 de

201 3609 321 3675 Croesi
343 3631 418 3674 curn
442 3619 570 3696 septem
599 3608 803 3696 sapientibus
827 3609 1045 3676 familiaritate
1069 3612 1193 3675 narrari
1218 3607 1375 3693 solebant,

180 3703 299 3782 'facile
313 3715 550 3802 intellegemus,
568 3717 731 3803 quomodo
748 3716 887 3782 fabellae
904 3715 1010 3782 forme
1026 3718 1205 3803 excogitari
1221 3719 1374 3804 potuerit,

205 3847 283 3889 eum
317 3834 442 3910 septem
471 3823 677 3918 sapientibus
706 3823 792 3890 dona
820 3845 950 3911 quoque
984 3825 1117 3890 dedisse
1146 3837 1201 3890 eut
1231 3826 1376 3912 praemia

201 3933 424 4020 proposuisse.
472 3931 645 4014 Quomodo
670 3943 777 3996 autem
803 3931 981 4018 Bathycles
1007 3935 1113 3997 Areas
1146 3954 1219 3998 cum
1249 3940 1373 4017 septem

200 4038 406 4125 sapientibus
431 4041 584 4125 coniungi
608 4041 758 4126 potuerit,
783 4062 848 4104 non
873 4050 925 4104 sat
947 4041 1159 4126 perspicuum
1184 4040 1270 4122 cett).

295 4217 314 4282 ¹)
337 4213 437 4271 Gssch.
458 4216 483 4270 d.
503 4215 607 4285 griech.
622 4215 750 4270 Litterat.
770 4215 798 4268 in
813 4216 839 4270 d.
853 4215 1114 4270 Alexandrinerzeit
1133 4215 1146 4268 I
1165 4215 1219 4269 855
1236 4217 1300 4268 adn.
1316 4215 1373 4268 111.

293 4303 445 4374 ¹)Dubito,
475 4321 511 4360 en
539 4305 584 4358 hie
613 4304 765 4375 Bathyeles
793 4307 880 4360 Areas
909 4323 963 4360 non
992 4305 1067 4359 idam
1095 4305 1132 4358 sit
1160 4309 1244 4373 atque
1272 4303 1375 4357 artifex

203 4393 354 4464 Bathycles
373 4395 495 4467 Magnes,
526 4394 569 4448 cui
593 4411 656 4448 cum
676 4395 778 4450 Croeso
801 4395 875 4448 ratio
901 4397 970 4459 erat,
999 4395 1047 4463 qui
1071 4397 1171 4464 postea
1188 4393 1318 4464 Spartam
1344 4411 1374 4448 se

204 4484 331 4554 eontulit,
360 4485 418 4538 aive
443 4501 476 4539 eo
494 4487 609 4538 vocatus
628 4484 687 4538 sive
706 4501 723 4538 a
742 4484 882 4552 Lydorum
907 4501 974 4553 rege
993 4484 1094 4538 missus
1118 4484 1177 4536 sive
1201 4501 1251 4537 sua
1273 4485 1375 4552 sponte
1442 4509 1446 4520 ·

205 4573 345 4641 Lydorum
372 4591 460 4644 regno
489 4573 590 4644 deleto,
618 4591 789 4643 quamquam
813 4575 865 4628 hoc
890 4576 1052 4628 statuerunt
1071 4573 1205 4639 Klainius,
1233 4571 1376 4628 Ambaci-
