3522 5310
714 313 852 412 .-¹.3...-

199 521 310 596 septem
336 513 501 596 sapientes
526 520 733 575 enumeraret
755 509 854 596 idque
879 531 917 574 eo
941 509 1039 574 modo
1063 531 1128 595 quo
1146 511 1358 586 enumeravit,

197 620 219 680 si
241 640 321 682 unus
339 616 507 702 catalogus
526 619 706 681 exstitisset
723 619 865 682 omnium
885 639 1051 680 consensu
1068 615 1234 702 probatus.
1253 617 1359 702 Atque

196 723 249 787 hoe
271 724 345 788 inde
369 726 577 811 potissimum
602 722 754 789 concludi
777 734 895 810 potest,
921 723 1009 810 quod
1034 723 1206 809 Mysonem
1224 722 1361 810 praebet

195 853 280 916 quem
316 832 493 918 Hipponax
529 831 660 918 quidem
696 831 851 912 laudavit,
888 831 1087 917 posteriores
1122 841 1230 895 autem
1265 829 1359 917 plane

192 937 407 1024 neglexerunt,
430 961 504 1004 cum
521 941 591 1004 eius
608 937 764 1004 inlocum
783 937 835 1002 vel
853 936 1059 1003 Anacharsin
1076 938 1128 1002 vel
1146 937 1360 1002 Periandrum

194 1045 430 1128 substituerent,
459 1070 524 1111 non
552 1069 631 1110 vero
660 1046 747 1110 hunc
782 1049 815 1110 in
844 1045 972 1111 illorum
1001 1044 1119 1125 locum,
1156 1057 1191 1109 ut
1215 1043 1361 1110 nonnulli

191 1155 361 1240 scriptores
397 1153 570 1234 affirmant,
607 1154 708 1218 veluti
738 1152 840 1219 Clam.
870 1152 1049 1218 Alexandr.
1079 1153 1195 1218 Strom.
1242 1153 1258 1216 l
1288 1173 1358 1239 cap.

191 1261 224 1323 lt
257 1285 287 1346 p.
316 1261 390 1338 129,
421 1261 463 1326 18
495 1259 583 1346 Sylb.
632 1267 762 1330 Πλάτων
791 1268 828 1329 δὲ
859 1265 927 1330 ἀντὶ
954 1266 1140 1352 Περιάνδρου
1169 1269 1209 1341 ὡς
1237 1265 1359 1342 ἀναξίου

188 1376 289 1461 σοφίας
319 1375 374 1437 διὰ
404 1375 440 1437 τὸ
469 1377 718 1460 τετυραννηκέναι
741 1373 998 1437 ἀντικατατάττει
1021 1372 1154 1438 Μύσωνα
1177 1375 1231 1436 τὸν
1255 1373 1360 1453 Χηνέα

188 1475 269 1560 (ride
287 1497 373 1562 quae
399 1498 562 1562 exponam
585 1478 618 1540 in
643 1499 715 1563 cap.
741 1475 811 1560 IV).
861 1475 1030 1541 Sed‘unde
1048 1475 1138 1540 Plato
1157 1498 1252 1541 suum
1273 1485 1359 1540 eata·

185 1582 288 1668 logum
314 1584 504 1670 sumpserit,
529 1605 665 1668 prorsus
690 1585 850 1647 incertum
875 1593 933 1646 est.

268 1690 370 1772 Quod
394 1690 436 1754 H.
462 1689 631 1770 Schott¹l
662 1692 802 1755 coniecit
829 1713 990 1755 eanonem
1015 1699 1139 1774 septem
1164 1691 1359 1776 sapientium

183 1797 310 1862 demum
338 1820 358 1861 a
383 1797 538 1883 sophistis
564 1799 776 1862 constitutum
801 1819 887 1876 esse,
912 1799 960 1860 eis
977 1819 1061 1883 quae
1079 1799 1217 1884 exposui
1241 1795 1360 1861 refuta·

186 1916 248 1968 tum
274 1915 336 1969 est.
385 1903 460 1968 Sed
489 1906 526 1968 in
556 1903 625 1968 hac
654 1903 739 1968 eius
769 1906 996 1969 coniectura
1023 1902 1121 1968 illud
1150 1913 1255 1968 reete
1280 1907 1360 1968 ani-

183 2011 428 2074 madversum
482 2021 541 2074 est
587 2009 788 2096 sophistas
838 2013 875 2074 in
931 2010 1161 2074 excolendis
1212 2023 1360 2098 septem

181 2119 420 2206 sapientium
452 2115 602 2181 fabulis
636 2116 793 2182 multum
825 2117 1011 2182 valuisse.
1060 2117 1133 2196 Qua
1160 2117 1201 2182 de
1231 2141 1266 2182 re
1295 2119 1358 2182 iam

180 2225 254 2289 mihi
280 2224 435 2310 pluribus
459 2223 622 2309 agendum
647 2235 706 2288 est.

267 2330 364 2396 Plato
389 2330 444 2395 illo
461 2331 659 2417 Protagorae
684 2330 756 2396 loeo
781 2332 860 2395 dieit
885 2331 971 2396 dicta
992 2333 1161 2396 enuntiare
1179 2355 1243 2397 non
1261 2355 1360 2418 posse

179 2441 238 2504 nisi
266 2441 360 2503 viros
386 2439 473 2503 omni
497 2437 646 2502 doctrina
669 2441 854 2517 instructos,
890 2439 1004 2524 quales
1035 2449 1162 2525 septem
1195 2441 1361 2526 sapientes

178 2549 310 2611 fuerint.
349 2545 553 2631 Itaqueiam
577 2543 722 2610 Platonis
747 2557 853 2610 aetate
878 2545 1071 2632 pervulgata
1095 2549 1303 2634 omniumque
1328 2549 1361 2610 in

177 2677 231 2720 ore
258 2663 360 2718 erant
383 2662 510 2736 septem
543 2651 746 2738 sapientibus
782 2652 948 2740 adscripta
983 2655 1115 2718 concise
1152 2665 1185 2717 et
1218 2653 1362 2718 breviter

177 2763 275 2845 dicta,
303 2757 462 2825 nonnulla
485 2760 599 2824 saltem
625 2783 667 2824 ex
691 2762 739 2824 eis
764 2783 847 2847 quae
871 2772 987 2848 postea
1011 2770 1137 2846 septem
1158 2761 1360 2848 sapientibus

176 2869 303 2934 tributa
339 2878 425 2948 sunt,
462 2889 546 2954 quae
582 2891 657 2932 eum
692 2867 773 2934 locis
803 2868 1031 2933 communibus
1060 2878 1093 2932 et
1115 2867 1363 2956 proverbialiter

176 2977 275 3041 dietis
318 2977 419 3039 mixta
453 2976 498 3038 ita
533 2985 659 3061 septem
696 2975 898 3062 sapientibus
930 2977 1100 3063 supposita
1132 2986 1217 3058 sunt,
1254 2986 1289 3040 ut
1319 2976 1360 3040 ad

175 3107 278 3148 unum
320 3080 500 3147 alterumve
536 3080 665 3148 illorum
701 3083 756 3146 vix
791 3081 892 3148 ullum
929 3084 1050 3147 dietum
1087 3093 1177 3148 certo
1212 3085 1362 3149 revocari

175 3193 295 3278 possit.
347 3187 430 3254 Sunt
451 3201 560 3254 tamen
585 3193 694 3254 omnia
718 3190 865 3255 eiusdem
890 3193 1039 3275 generis:
1076 3191 1118 3255 ad
1152 3192 1250 3255 vitam
1275 3214 1361 3256 eom-

177 3319 329 3378 munem,
365 3295 532 3382 vulgarem
567 3297 734 3362 hominum
767 3296 1037 3362 consuetudinem
1064 3309 1222 3384 spectant,
1259 3297 1362 3384 philo-

176 3405 335 3492 sophiam
371 3426 453 3491 quae
478 3413 528 3468 est
552 3404 593 3469 de
620 3406 685 3468 vita
709 3415 741 3468 et
765 3405 909 3469 moribus
934 3404 1122 3470 redolentia.
1158 3405 1251 3470 Talia
1275 3406 1362 3470 dieta

176 3525 208 3577 et
232 3511 363 3600 placita
386 3533 551 3576 consensu
576 3511 742 3576 hominum
773 3515 898 3578 sancita
931 3513 1055 3599 aliquid
1086 3514 1157 3578 veri
1189 3513 1277 3600 quod
1307 3537 1361 3578 ve·

176 3631 305 3686 testate
329 3618 522 3705 probaretur
546 3618 801 3706 pronuntiabant
833 3620 1049 3707 idoneamque
1079 3621 1264 3685 disserendi
1297 3641 1361 3685 ma-

124 3771 126 3776 ·
176 3731 299 3792 teriam
324 3725 527 3813 praebebant
550 3726 717 3814 sophistis,
743 3727 797 3814 qui
826 3727 924 3792 ullam
950 3751 1024 3792 esse
1060 3729 1178 3813 agendi
1215 3750 1361 3793 normam

175 3837 312 3900 firmam
338 3856 377 3898 ae
400 3855 589 3899 mansuram
613 3856 750 3922 prorsus
775 3835 940 3919 negabant
968 3847 1000 3899 et
1032 3859 1090 3920 pro
1127 3859 1255 3901 summa
1289 3835 1361 3921 lege

175 3941 445 4028 uniuscuiusque
481 3940 649 4006 arbitrium
687 3965 777 4006 esse·
801 3941 988 4007 habendum
1028 3943 1223 4008 statuebant.
1279 3943 1361 4023 Quis

175 4053 321 4114 miretur
346 4047 510 4134 sophistas
534 4046 590 4112 illa
621 4049 707 4113 dieta
739 4061 981 4135 praeceptaque
1006 4049 1176 4135 amplexos
1213 4073 1287 4114 esse
1324 4075 1362 4114 ac

177 4167 349 4242 quatenus
374 4154 517 4241 quidque
541 4158 667 4219 inesset
695 4158 764 4220 veri
794 4159 827 4220 in
861 4157 912 4221 his
948 4160 1029 4243 ipsis
1066 4157 1251 4242 indagasse,
1288 4180 1362 4222 cunr

230 4265 300 4274 ...n-n·
315 4265 345 4270 -

278 4333 296 4396 Ἴ
317 4329 361 4386 De
378 4336 476 4398 septem
495 4331 569 4386 orbis
586 4333 746 4399 spectaculis
765 4335 940 4402 questiones,
960 4334 1024 4392 dtas.
1040 4334 1159 4402 Monac,
1180 4333 1279 4388 Onoldi
1295 4338 1363 4389 1891

179 4441 205 4488 p.
226 4425 278 4477 16:
308 4419 413 4487 Septem
431 4421 595 4488 sapientium
614 4438 717 4490 qaoque
736 4411 871 4487 cononem,
891 4424 1013 4491 moueris
1032 4441 1085 4477 aon
1104 4423 1138 4476 ab
1158 4423 1362 4492 Aleccadriais,

178 4511 236 4572 scd.
268 4515 299 4562 at
326 4509 441 4578 vidam,
469 4529 486 4563 o
512 4512 641 4578 sophistis
669 4513 841 4566 mastitutum
871 4514 904 4566 ab
926 4513 981 4567 itta
998 4531 1053 4568 aaa
1071 4515 1217 4582 aspicerem
1235 4513 1320 4577 [aare
1338 4523 1362 4568 et

179 4599 320 4655 Demetrii
339 4598 464 4652 Phalerei
482 4606 506 4652 et
525 4600 671 4668 Herarippi
690 4599 862 4655 Callirrzachci
886 4601 918 4654 de
941 4603 995 4656 illis
1014 4618 1096 4670 opera
1116 4601 1271 4656 doarraento
1289 4610 1361 4657 sunt.
