3462 5312
736 405 796 469 171

153 640 210 685 are
233 618 346 686 voluit.
388 620 536 686 Ceterum
562 619 674 684 horum
699 619 864 685 nominum
887 619 1034 684 Graecae
1058 617 1209 683 flexionis
1233 623 1378 683 mutatae

154 746 272 792 causae
296 726 440 794 inveniri
457 747 520 792 non
545 733 691 809 possunt,
716 726 782 792 nisi
807 745 846 791 ea
871 725 935 791 iam
959 725 993 790 in
1012 723 1268 804 frequentiorem
1292 724 1379 806 apud

152 835 316 900 Romanos
340 853 432 900 usum
456 834 586 900 venisse
610 841 772 915 putamus.

241 941 433 1008 Accusativi
462 946 590 1008 restant
623 937 729 1025 Syrtes
752 940 805 1006 vel
831 937 951 1024 Syrtis,
982 939 1252 1022 metamorphosis,
1286 940 1380 1024 tigres

153 1049 206 1115 vel
233 1051 337 1134 tigris,
369 1049 581 1129 quiminime
605 1047 793 1130 summisi,
827 1067 898 1112 cum
924 1048 1073 1114 Graecae
1105 1046 1231 1112 formae
1260 1053 1380 1112 exeant

153 1157 187 1221 in
210 1180 283 1232 -εις,
330 1158 455 1222 Horum
485 1155 651 1222 nominum
681 1155 871 1220 terminatio
895 1157 939 1220 *is
969 1173 1198 1234 nonnunquam
1230 1153 1380 1219 adbibita

152 1283 216 1330 non
233 1263 336 1330 solum
352 1265 571 1330 Romanorum
595 1283 656 1329 usu
671 1263 754 1328 satis
771 1266 1011 1344 comprobatur,
1037 1260 1094 1327 sed
1115 1261 1214 1326 etiam
1232 1261 1380 1328 Graecae

152 1395 216 1446 -εις
239 1370 409 1436 simillima
433 1376 491 1436 est.

244 1508 273 1570 4.
300 1506 430 1572 Graeca
454 1503 643 1570 terminatio
667 1527 738 1579 -eoe
749 1503 772 1588 ¹)
797 1503 929 1569 Latinis
954 1508 1026 1568 erat
1049 1503 1172 1585 ignota,
1198 1503 1255 1568 sed
1280 1501 1380 1568 facile

152 1614 224 1680 fieri
248 1613 365 1696 potuit,
389 1618 425 1678 ut
445 1633 515 1678 eam
539 1612 574 1677 in
591 1613 671 1678 duas
696 1612 844 1694 syllabas
862 1611 1055 1676 dirimerent
1078 1616 1111 1676 et
1134 1630 1173 1676 ea
1188 1629 1224 1676 re
1248 1609 1381 1675 nomina

151 1721 249 1787 buius
279 1720 409 1803 generis
439 1720 582 1786 Latinae
616 1718 714 1784 alteri
751 1718 966 1784 declinationi
1000 1719 1206 1799 adaptarent.
1261 1718 1381 1782 Poetas

152 1835 261 1894 autem
285 1847 413 1910 semper
436 1827 699 1893 terminationem
722 1848 793 1892 -eus
810 1826 1011 1892 Graecorum
1034 1844 1123 1890 more
1147 1845 1206 1907 per
1230 1824 1382 1905 dipthon-

151 1955 228 2018 gum
262 1935 493 2000 enuntiandam
527 1934 713 2000 servavisse
746 1951 846 2014 supra
879 1932 962 1998 satis
996 1932 1256 2014 explanavimus.
1310 1932 1380 1996 Iam

152 2043 338 2109 summatim
365 2041 461 2109 brevi
485 2021 779 2107 demonstrabimus
803 2058 932 2121 semper
960 2040 1030 2104 fere
1053 2039 1138 2104 huno
1162 2057 1254 2104 usum
1279 2044 1382 2104 metro

152 2149 353 2232 postulatum
378 2169 458 2214 osse.
498 2147 641 2215 Nomina
665 2148 750 2213 enim
774 2147 870 2212 buius
894 2147 1025 2229 generis
1049 2146 1133 2212 talia
1157 2153 1241 2227 sunt,
1266 2155 1303 2211 ut
1325 2152 1383 2212 aut

153 2260 237 2324 duae
261 2259 377 2323 breves
406 2255 555 2340 syllabae
584 2261 641 2320 aut
663 2241 764 2338 longa
787 2254 920 2338 syllaba
943 2253 1169 2320 terminationi
1192 2275 1263 2320 -eus
1291 2260 1382 2319 ante-

153 2367 259 2431 cedat.
307 2364 441 2430 Illorum
470 2363 674 2444 terminatio,
706 2369 743 2427 ut
771 2382 836 2428 una
866 2362 966 2444 longa
996 2361 1127 2446 syllaba
1155 2361 1213 2444 sit,
1244 2367 1382 2426 metrum

154 2472 354 2556 dactylicum
382 2490 511 2552 semper
533 2470 688 2553 postulat.
736 2471 861 2536 Horum
890 2476 997 2536 autem
1021 2468 1285 2535 terminationem
1309 2487 1382 2534 sae·

154 2579 291 2663 pissime
307 2598 490 2645 consonans
507 2579 664 2660 sequitur,
690 2597 754 2658 qua
770 2597 805 2643 re
823 2579 935 2643 eadem
952 2577 1132 2643 necessitas
1148 2575 1383 2658 pronuntiandi

154 2687 308 2754 efficitur.
348 2686 511 2753 Undecies
531 2692 659 2751 tantum
676 2685 802 2751 vocalis
819 2685 976 2765 sequitur,
1002 2685 1120 2764 quibus
1143 2683 1225 2749 locis
1241 2683 1383 2749 Latinae

154 2793 418 2878 pronuntiationi
443 2793 599 2876 analogia
624 2799 805 2858 ceterorum
829 2791 1043 2873 plurimorum
1068 2791 1299 2873 impedimento
1323 2796 1381 2856 est.

246 2901 400 2967 Genetivi
424 2901 537 2966 horum
562 2900 726 2965 nominum
752 2901 859 2966 forma
875 2918 1003 2980 semper
1027 2899 1097 2964 fere
1121 2898 1216 2964 metri
1242 2897 1383 2963 necessi-

155 3016 225 3076 tate
254 3007 448 3092 variatur2).
496 3009 548 3073 Ea
579 3008 664 3073 enim
696 3007 841 3089 nomina,
877 3025 1012 3087 quorum
1043 3007 1175 3090 syllaba
1206 3011 1384 3086 antepaen-

153 3116 272 3182 ultima
295 3116 395 3198 longa
419 3123 477 3198 est,
504 3117 632 3182 Graeca
656 3114 888 3180 terminatione
911 3136 978 3179 -eos
1001 3111 1179 3179 afficienda
1201 3119 1287 3195 sunt,
1311 3132 1383 3177 oum

154 3223 279 3289 Latina
302 3220 349 3288 -e't'
368 3223 519 3288 adhibita
543 3223 684 3288 creticus
709 3222 910 3305 adactylico
936 3227 1038 3286 metro
1056 3207 1183 3286 alienus
1208 3219 1383 3285 efficiatur.

155 3331 270 3411 Neque
295 3330 376 3396 haec
399 3330 485 3395 ratio
503 3330 676 3410 quicquam
701 3328 881 3395 adiumenti
899 3326 1039 3410 tulisset,
1066 3327 1130 3392 nisi
1147 3327 1296 3393 Graecae
1320 3332 1385 3392 ter-

154 3438 348 3520 minationis
378 3462 455 3514 -εως
491 3462 507 3504 o
537 3438 663 3504 vocalis
694 3457 753 3519 per
783 3436 971 3518 analogiam
1007 3442 1188 3501 ceterorum
1219 3434 1384 3500 nominum

154 3545 302 3628 genetivi
327 3547 366 3610 in
389 3569 442 3620 -oe
470 3545 650 3611 desinentis
673 3551 826 3627 correpta
850 3550 945 3609 esset.
994 3543 1052 3609 Sin
1080 3548 1189 3608 autem
1212 3543 1385 3624 genetivus

155 3653 253 3718 buius
277 3653 408 3735 generis
432 3654 573 3718 nominis
597 3653 631 3717 in
654 3652 718 3717 fine
740 3671 855 3717 versus
879 3651 1006 3732 positus
1031 3656 1090 3732 est,
1122 3649 1245 3715 Latina
1273 3649 1385 3714 termi-

157 3759 249 3825 natio
279 3761 322 3825 -ea'
350 3760 384 3824 in
412 3760 626 3842 dipthongum
657 3764 827 3825 contracta
850 3759 923 3824 sola
953 3759 995 3824 ad
1024 3777 1115 3823 usum
1140 3757 1385 3822 accommodata

157 3872 216 3933 est.
263 3867 370 3933 Huius
394 3867 442 3932 rei
467 3867 652 3934 invenimus
676 3865 875 3947 exemplum:

201 3983 275 4050 val.
290 3985 399 4049 Flaco.
418 3984 464 4048 IV
481 3985 560 4049 425:
587 3985 680 4051 litora
694 3983 829 4066 fatidici
849 3983 959 4065 poeuis
982 3982 1141 4046 horrentia
1165 3979 1289 4044 Pilosa.

248 4101 371 4166 Eodem
402 4102 495 4167 modo
527 4102 706 4166 flectendus
742 4109 791 4165 est
820 4099 994 4182 genetivus
1028 4095 1170 4162 nominis
1200 4097 1386 4161 idomeneus

157 4214 293 4290 propter
317 4210 397 4274 duas
421 4208 569 4292 syllabas
592 4211 719 4289 brerae,
745 4226 828 4320 quae
852 4206 1064 4272 antecedunt:

318 4325 357 4390 Il.
376 4326 450 4391 Lat.
477 4326 557 4389 774:
582 4327 751 4407 marantius
774 4301 932 4390 Idomenei
955 4323 1037 4388 cadit
1061 4321 1163 4386 Asius
1187 4369 1194 4384 .
1214 4372 1245 4384 ..

252 4522 269 4584 ¹)
289 4519 470 4575 Sniehotta
491 4521 508 4575 l.
524 4537 545 4574 o.
565 4536 590 4587 p.
604 4521 703 4587 bosqq.

250 4611 269 4680 ²)
290 4609 470 4664 Sniehotta
493 4610 543 4664 lc.
564 4625 587 4676 p.
603 4612 644 4663 51.
