<?xml version="1.0" encoding="UTF-8"?>
<!DOCTYPE html PUBLIC "-//W3C//DTD XHTML 1.0 Transitional//EN"
    "http://www.w3.org/TR/xhtml1/DTD/xhtml1-transitional.dtd">
<html xmlns="http://www.w3.org/1999/xhtml" xml:lang="en" lang="en">
 <head>
  <title>
</title>
<meta http-equiv="Content-Type" content="text/html;charset=utf-8" />
  <meta name='ocr-system' content='tesseract 3.04.00' />
  <meta name='ocr-capabilities' content='ocr_page ocr_carea ocr_par ocr_line ocrx_word'/>
</head>
<body>
  <div class='ocr_page' id='page_1' title='image "./deviatqueindole00cohngoog_0088.png"; bbox 0 0 3522 5310; ppageno 0'>
   <div class='ocr_carea' id='block_1_1' title="bbox 788 295 831 358">
    <p class='ocr_par' dir='ltr' id='par_1_1' title="bbox 788 295 831 358">
     <span class='ocr_line' id='line_1_1' title="bbox 788 295 831 358; baseline 0 0"><span class='ocrx_word' id='word_1_1' title='bbox 788 295 831 358; x_wconf 84' lang='grc'><strong>69</strong></span> 
     </span>
    </p>
   </div>
   <div class='ocr_carea' id='block_1_2' title="bbox 810 490 1399 1005">
    <p class='ocr_par' dir='ltr' id='par_1_2' title="bbox 810 490 1399 1005">
     <span class='ocr_line' id='line_1_2' title="bbox 810 490 1398 558; baseline 0.002 -4"><span class='ocrx_word' id='word_1_2' title='bbox 810 490 1398 558; x_wconf 76' lang='lat' dir='ltr'><strong>Theodoret.Graec.affeot.cur.144</strong></span> 
     </span>
     <span class='ocr_line' id='line_1_3' title="bbox 902 596 1399 680; baseline 0 -17"><span class='ocrx_word' id='word_1_3' title='bbox 902 647 918 679; x_wconf 87' lang='lat'>„</span> <span class='ocrx_word' id='word_1_4' title='bbox 1069 647 1085 680; x_wconf 89' lang='lat'>„</span> <span class='ocrx_word' id='word_1_5' title='bbox 1181 647 1196 680; x_wconf 87' lang='grc'><strong>,,</strong></span> <span class='ocrx_word' id='word_1_6' title='bbox 1261 598 1344 665; x_wconf 89' lang='lat' dir='ltr'>VIII</span> <span class='ocrx_word' id='word_1_7' title='bbox 1354 596 1399 664; x_wconf 89' lang='lat'><strong>30</strong></span> 
     </span>
     <span class='ocr_line' id='line_1_4' title="bbox 812 703 1298 792; baseline 0.008 -25"><span class='ocrx_word' id='word_1_8' title='bbox 812 703 978 769; x_wconf 79' lang='lat' dir='ltr'>Eusebius</span> <span class='ocrx_word' id='word_1_9' title='bbox 1002 705 1120 792; x_wconf 87' lang='lat' dir='ltr'><strong>Praep.</strong></span> <span class='ocrx_word' id='word_1_10' title='bbox 1146 729 1195 771; x_wconf 84' lang='lat' dir='ltr'><strong>ev.</strong></span> <span class='ocrx_word' id='word_1_11' title='bbox 1219 705 1253 770; x_wconf 93' lang='lat' dir='ltr'><strong>Il</strong></span> <span class='ocrx_word' id='word_1_12' title='bbox 1277 706 1298 771; x_wconf 88' lang='grc'>6</span> 
     </span>
     <span class='ocr_line' id='line_1_5' title="bbox 814 811 1287 900; baseline 0.011 -23"><span class='ocrx_word' id='word_1_13' title='bbox 814 811 927 899; x_wconf 87' lang='lat' dir='ltr'><strong>Steph.</strong></span> <span class='ocrx_word' id='word_1_14' title='bbox 951 813 1088 899; x_wconf 86' lang='lat' dir='ltr'><strong>Byzant.</strong></span> <span class='ocrx_word' id='word_1_15' title='bbox 1112 835 1138 879; x_wconf 89' lang='lat' dir='ltr'><strong>s.</strong></span> <span class='ocrx_word' id='word_1_16' title='bbox 1163 837 1193 878; x_wconf 86' lang='lat' dir='ltr'><strong>v.</strong></span> <span class='ocrx_word' id='word_1_17' title='bbox 1212 817 1287 900; x_wconf 75' lang='grc' dir='ltr'><strong>Ὗδη</strong></span> 
     </span>
     <span class='ocr_line' id='line_1_6' title="bbox 814 917 1370 1005; baseline 0.007 -23"><span class='ocrx_word' id='word_1_18' title='bbox 814 917 998 1005; x_wconf 81' lang='lat' dir='ltr'><strong>Etymolog.</strong></span> <span class='ocrx_word' id='word_1_19' title='bbox 1024 919 1134 1004; x_wconf 83' lang='lat' dir='ltr'><strong>Magn.</strong></span> <span class='ocrx_word' id='word_1_20' title='bbox 1160 943 1186 984; x_wconf 91' lang='lat' dir='ltr'><strong>s.</strong></span> <span class='ocrx_word' id='word_1_21' title='bbox 1211 944 1241 986; x_wconf 89' lang='lat' dir='ltr'><strong>v.</strong></span> <span class='ocrx_word' id='word_1_22' title='bbox 1258 920 1370 1001; x_wconf 84' lang='grc' dir='ltr'><strong>Ἠλις.</strong></span> 
     </span>
    </p>
   </div>
   <div class='ocr_carea' id='block_1_3' title="bbox 225 1041 1407 2740">
    <p class='ocr_par' dir='ltr' id='par_1_3' title="bbox 225 1041 1407 2740">
     <span class='ocr_line' id='line_1_7' title="bbox 314 1041 1398 1130; baseline 0.003 -24"><span class='ocrx_word' id='word_1_23' title='bbox 314 1043 406 1107; x_wconf 88' lang='lat' dir='ltr'><strong>Haec</strong></span> <span class='ocrx_word' id='word_1_24' title='bbox 444 1041 718 1129; x_wconf 88' lang='lat' dir='ltr'><strong>percensentibus</strong></span> <span class='ocrx_word' id='word_1_25' title='bbox 757 1045 969 1130; x_wconf 86' lang='lat' dir='ltr'><strong>perspicuum</strong></span> <span class='ocrx_word' id='word_1_26' title='bbox 1012 1044 1056 1108; x_wconf 90' lang='lat' dir='ltr'><strong>fit</strong></span> <span class='ocrx_word' id='word_1_27' title='bbox 1101 1042 1241 1110; x_wconf 83' lang='lat' dir='ltr'><strong>librariis</strong></span> <span class='ocrx_word' id='word_1_28' title='bbox 1282 1044 1398 1110; x_wconf 92' lang='lat' dir='ltr'><strong>horum</strong></span> 
     </span>
     <span class='ocr_line' id='line_1_8' title="bbox 227 1148 1399 1234; baseline 0.002 -20"><span class='ocrx_word' id='word_1_29' title='bbox 227 1159 395 1215; x_wconf 88' lang='lat' dir='ltr'><strong>auctorum</strong></span> <span class='ocrx_word' id='word_1_30' title='bbox 425 1150 565 1216; x_wconf 88' lang='lat' dir='ltr'><strong>formam</strong></span> <span class='ocrx_word' id='word_1_31' title='bbox 593 1148 786 1214; x_wconf 79' lang='lat' dir='ltr'><strong>mendosam</strong></span> <span class='ocrx_word' id='word_1_32' title='bbox 812 1152 953 1215; x_wconf 91' lang='lat' dir='ltr'><strong>nominis</strong></span> <span class='ocrx_word' id='word_1_33' title='bbox 988 1150 1192 1216; x_wconf 72' lang='lat' dir='ltr'>tribuendam</span> <span class='ocrx_word' id='word_1_34' title='bbox 1216 1174 1281 1216; x_wconf 92' lang='lat' dir='ltr'><strong>non</strong></span> <span class='ocrx_word' id='word_1_35' title='bbox 1306 1174 1399 1234; x_wconf 81' lang='lat' dir='ltr'><strong>esse3</strong></span> 
     </span>
     <span class='ocr_line' id='line_1_9' title="bbox 225 1255 1402 1347; baseline 0.001 -26"><span class='ocrx_word' id='word_1_36' title='bbox 225 1255 259 1321; x_wconf 93' lang='lat' dir='ltr'><strong>hi</strong></span> <span class='ocrx_word' id='word_1_37' title='bbox 294 1259 403 1344; x_wconf 89' lang='lat' dir='ltr'><strong>potius</strong></span> <span class='ocrx_word' id='word_1_38' title='bbox 438 1267 657 1322; x_wconf 88' lang='lat' dir='ltr'><strong>servaverunt</strong></span> <span class='ocrx_word' id='word_1_39' title='bbox 691 1255 829 1323; x_wconf 86' lang='lat' dir='ltr'><strong>formam</strong></span> <span class='ocrx_word' id='word_1_40' title='bbox 862 1279 959 1344; x_wconf 89' lang='lat' dir='ltr'><strong>quam</strong></span> <span class='ocrx_word' id='word_1_41' title='bbox 994 1261 1223 1347; x_wconf 88' lang='lat' dir='ltr'><strong>unusquisque</strong></span> <span class='ocrx_word' id='word_1_42' title='bbox 1260 1261 1402 1346; x_wconf 82' lang='lat' dir='ltr'>scriptor</span> 
     </span>
     <span class='ocr_line' id='line_1_10' title="bbox 228 1363 1401 1452; baseline 0.003 -24"><span class='ocrx_word' id='word_1_43' title='bbox 228 1363 415 1450; x_wconf 81' lang='lat' dir='ltr'><strong>praebebat</strong></span> <span class='ocrx_word' id='word_1_44' title='bbox 469 1363 584 1451; x_wconf 89' lang='lat' dir='ltr'><strong>ltaque</strong></span> <span class='ocrx_word' id='word_1_45' title='bbox 618 1367 682 1430; x_wconf 88' lang='lat' dir='ltr'><strong>iam</strong></span> <span class='ocrx_word' id='word_1_46' title='bbox 719 1365 807 1452; x_wconf 89' lang='lat' dir='ltr'><strong>apud</strong></span> <span class='ocrx_word' id='word_1_47' title='bbox 842 1368 1021 1452; x_wconf 71' lang='lat' dir='ltr'><strong>scriptores</strong></span> <span class='ocrx_word' id='word_1_48' title='bbox 1057 1367 1147 1452; x_wconf 90' lang='lat' dir='ltr'><strong>ipsos</strong></span> <span class='ocrx_word' id='word_1_49' title='bbox 1183 1366 1246 1431; x_wconf 90' lang='lat' dir='ltr'><strong>hoo</strong></span> <span class='ocrx_word' id='word_1_50' title='bbox 1280 1387 1401 1431; x_wconf 88' lang='lat' dir='ltr'><strong>nomen</strong></span> 
     </span>
     <span class='ocr_line' id='line_1_11' title="bbox 230 1470 1400 1559; baseline 0.002 -24"><span class='ocrx_word' id='word_1_51' title='bbox 230 1473 346 1536; x_wconf 87' lang='lat' dir='ltr'><strong>vitiose</strong></span> <span class='ocrx_word' id='word_1_52' title='bbox 381 1472 539 1558; x_wconf 85' lang='lat' dir='ltr'><strong>seriptum</strong></span> <span class='ocrx_word' id='word_1_53' title='bbox 574 1471 735 1544; x_wconf 86' lang='lat' dir='ltr'><strong>exstabat,</strong></span> <span class='ocrx_word' id='word_1_54' title='bbox 773 1474 829 1559; x_wconf 91' lang='lat' dir='ltr'><strong>qui</strong></span> <span class='ocrx_word' id='word_1_55' title='bbox 863 1475 927 1559; x_wconf 87' lang='lat' dir='ltr'><strong>ipsi</strong></span> <span class='ocrx_word' id='word_1_56' title='bbox 956 1495 974 1537; x_wconf 90' lang='lat' dir='ltr'><strong>e</strong></span> <span class='ocrx_word' id='word_1_57' title='bbox 1003 1470 1149 1538; x_wconf 86' lang='lat' dir='ltr'><strong>fontibus</strong></span> <span class='ocrx_word' id='word_1_58' title='bbox 1186 1476 1255 1538; x_wconf 90' lang='lat' dir='ltr'><strong>suis</strong></span> <span class='ocrx_word' id='word_1_59' title='bbox 1291 1495 1400 1538; x_wconf 83' lang='lat' dir='ltr'><strong>errore</strong></span> 
     </span>
     <span class='ocr_line' id='line_1_12' title="bbox 231 1577 1402 1666; baseline 0.001 -23"><span class='ocrx_word' id='word_1_60' title='bbox 231 1578 447 1643; x_wconf 87' lang='lat' dir='ltr'><strong>deformatum</strong></span> <span class='ocrx_word' id='word_1_61' title='bbox 482 1599 603 1642; x_wconf 90' lang='lat' dir='ltr'><strong>nomen</strong></span> <span class='ocrx_word' id='word_1_62' title='bbox 639 1589 859 1665; x_wconf 88' lang='lat' dir='ltr'><strong>sumpserunt.</strong></span> <span class='ocrx_word' id='word_1_63' title='bbox 916 1579 959 1644; x_wconf 83' lang='lat' dir='ltr'><strong>Et</strong></span> <span class='ocrx_word' id='word_1_64' title='bbox 995 1581 1072 1666; x_wconf 91' lang='lat' dir='ltr'><strong>quia</strong></span> <span class='ocrx_word' id='word_1_65' title='bbox 1106 1577 1316 1645; x_wconf 83' lang='lat' dir='ltr'><strong>manifestum</strong></span> <span class='ocrx_word' id='word_1_66' title='bbox 1353 1590 1402 1644; x_wconf 89' lang='lat' dir='ltr'><strong>est</strong></span> 
     </span>
     <span class='ocr_line' id='line_1_13' title="bbox 229 1685 1402 1779; baseline 0.001 -28"><span class='ocrx_word' id='word_1_67' title='bbox 229 1685 354 1751; x_wconf 86' lang='lat' dir='ltr'><strong>librarii</strong></span> <span class='ocrx_word' id='word_1_68' title='bbox 377 1695 502 1752; x_wconf 88' lang='lat' dir='ltr'><strong>tantum</strong></span> <span class='ocrx_word' id='word_1_69' title='bbox 526 1707 637 1751; x_wconf 88' lang='lat' dir='ltr'><strong>errore</strong></span> <span class='ocrx_word' id='word_1_70' title='bbox 653 1689 822 1779; x_wconf 77' lang='grc' dir='ltr'><strong>Λεάνδριον</strong></span> <span class='ocrx_word' id='word_1_71' title='bbox 846 1709 864 1750; x_wconf 91' lang='lat' dir='ltr'><strong>e</strong></span> <span class='ocrx_word' id='word_1_72' title='bbox 887 1693 1062 1779; x_wconf 75' lang='grc' dir='ltr'><strong>Μαιανδρίῳ</strong></span> <span class='ocrx_word' id='word_1_73' title='bbox 1087 1697 1190 1752; x_wconf 84' lang='lat' dir='ltr'><strong>ortum</strong></span> <span class='ocrx_word' id='word_1_74' title='bbox 1216 1709 1302 1772; x_wconf 86' lang='lat' dir='ltr'><strong>esse,</strong></span> <span class='ocrx_word' id='word_1_75' title='bbox 1326 1688 1402 1753; x_wconf 90' lang='lat' dir='ltr'><strong>inde</strong></span> 
     </span>
     <span class='ocr_line' id='line_1_14' title="bbox 230 1792 1402 1881; baseline -0.001 -22"><span class='ocrx_word' id='word_1_76' title='bbox 230 1795 476 1880; x_wconf 77' lang='lat' dir='ltr'><strong>cognoscimus,</strong></span> <span class='ocrx_word' id='word_1_77' title='bbox 512 1814 577 1880; x_wconf 90' lang='lat' dir='ltr'><strong>quo</strong></span> <span class='ocrx_word' id='word_1_78' title='bbox 612 1803 760 1880; x_wconf 86' lang='lat' dir='ltr'><strong>tempore</strong></span> <span class='ocrx_word' id='word_1_79' title='bbox 794 1793 849 1859; x_wconf 91' lang='lat' dir='ltr'><strong>hic</strong></span> <span class='ocrx_word' id='word_1_80' title='bbox 884 1817 975 1858; x_wconf 86' lang='lat' dir='ltr'><strong>error</strong></span> <span class='ocrx_word' id='word_1_81' title='bbox 1003 1792 1109 1859; x_wconf 85' lang='lat' dir='ltr'><strong>fuctus</strong></span> <span class='ocrx_word' id='word_1_82' title='bbox 1146 1795 1201 1876; x_wconf 81' lang='lat' dir='ltr'><strong>sit3</strong></span> <span class='ocrx_word' id='word_1_83' title='bbox 1240 1817 1278 1859; x_wconf 88' lang='lat' dir='ltr'><strong>eo</strong></span> <span class='ocrx_word' id='word_1_84' title='bbox 1315 1793 1402 1881; x_wconf 92' lang='lat' dir='ltr'><strong>quod</strong></span> 
     </span>
     <span class='ocr_line' id='line_1_15' title="bbox 230 1901 1401 1992; baseline 0 -26"><span class='ocrx_word' id='word_1_85' title='bbox 230 1901 395 1966; x_wconf 78' lang='lat' dir='ltr'><strong>antecedit</strong></span> <span class='ocrx_word' id='word_1_86' title='bbox 421 1901 529 1966; x_wconf 87' lang='lat' dir='ltr'><strong>fontes</strong></span> <span class='ocrx_word' id='word_1_87' title='bbox 558 1903 756 1988; x_wconf 87' lang='lat' dir='ltr'><strong>scriptorum</strong></span> <span class='ocrx_word' id='word_1_88' title='bbox 787 1904 843 1986; x_wconf 92' lang='lat' dir='ltr'><strong>qui</strong></span> <span class='ocrx_word' id='word_1_89' title='bbox 870 1902 1009 1966; x_wconf 86' lang='lat' dir='ltr'><strong>formam</strong></span> <span class='ocrx_word' id='word_1_90' title='bbox 1036 1904 1205 1992; x_wconf 71' lang='grc' dir='ltr'><strong>Λοάνδριος</strong></span> <span class='ocrx_word' id='word_1_91' title='bbox 1232 1901 1401 1988; x_wconf 77' lang='lat' dir='ltr'><strong>praebent.</strong></span> 
     </span>
     <span class='ocr_line' id='line_1_16' title="bbox 230 2007 1402 2096; baseline -0.001 -23"><span class='ocrx_word' id='word_1_92' title='bbox 230 2008 272 2074; x_wconf 83' lang='lat' dir='ltr'><strong>Et</strong></span> <span class='ocrx_word' id='word_1_93' title='bbox 307 2031 507 2096; x_wconf 87' lang='lat' dir='ltr'><strong>quamquam</strong></span> <span class='ocrx_word' id='word_1_94' title='bbox 542 2010 727 2074; x_wconf 78' lang='lat' dir='ltr'><strong>accuratius</strong></span> <span class='ocrx_word' id='word_1_95' title='bbox 764 2008 876 2074; x_wconf 90' lang='lat' dir='ltr'><strong>horum</strong></span> <span class='ocrx_word' id='word_1_96' title='bbox 914 2011 1108 2094; x_wconf 89' lang='lat' dir='ltr'><strong>scriptorum</strong></span> <span class='ocrx_word' id='word_1_97' title='bbox 1145 2007 1254 2074; x_wconf 88' lang='lat' dir='ltr'><strong>fontes</strong></span> <span class='ocrx_word' id='word_1_98' title='bbox 1287 2031 1402 2074; x_wconf 87' lang='lat' dir='ltr'><strong>eruere</strong></span> 
     </span>
     <span class='ocr_line' id='line_1_17' title="bbox 232 2114 1406 2203; baseline -0.002 -21"><span class='ocrx_word' id='word_1_99' title='bbox 232 2120 401 2203; x_wconf 88' lang='lat' dir='ltr'><strong>nequeo¹)‚</strong></span> <span class='ocrx_word' id='word_1_100' title='bbox 437 2125 547 2181; x_wconf 87' lang='lat' dir='ltr'><strong>tamen</strong></span> <span class='ocrx_word' id='word_1_101' title='bbox 571 2115 661 2201; x_wconf 90' lang='lat' dir='ltr'><strong>origo</strong></span> <span class='ocrx_word' id='word_1_102' title='bbox 687 2117 807 2180; x_wconf 87' lang='lat' dir='ltr'><strong>erroris</strong></span> <span class='ocrx_word' id='word_1_103' title='bbox 831 2117 895 2180; x_wconf 89' lang='lat' dir='ltr'><strong>ism</strong></span> <span class='ocrx_word' id='word_1_104' title='bbox 931 2115 973 2179; x_wconf 90' lang='lat' dir='ltr'><strong>ad</strong></span> <span class='ocrx_word' id='word_1_105' title='bbox 997 2114 1224 2180; x_wconf 87' lang='lat' dir='ltr'><strong>Alexandrina</strong></span> <span class='ocrx_word' id='word_1_106' title='bbox 1258 2126 1406 2202; x_wconf 88' lang='lat' dir='ltr'><strong>tempora</strong></span> 
     </span>
     <span class='ocr_line' id='line_1_18' title="bbox 228 2220 1405 2314; baseline 0 -26"><span class='ocrx_word' id='word_1_107' title='bbox 228 2223 347 2289; x_wconf 87' lang='lat' dir='ltr'><strong>referri</strong></span> <span class='ocrx_word' id='word_1_108' title='bbox 370 2245 469 2311; x_wconf 88' lang='lat' dir='ltr'><strong>posse</strong></span> <span class='ocrx_word' id='word_1_109' title='bbox 487 2223 626 2288; x_wconf 84' lang='lat' dir='ltr'><strong>videtur.</strong></span> <span class='ocrx_word' id='word_1_110' title='bbox 674 2221 741 2288; x_wconf 89' lang='lat' dir='ltr'><strong>Sed</strong></span> <span class='ocrx_word' id='word_1_111' title='bbox 763 2221 905 2287; x_wconf 86' lang='lat' dir='ltr'><strong>librariis</strong></span> <span class='ocrx_word' id='word_1_112' title='bbox 922 2244 1053 2309; x_wconf 88' lang='lat' dir='ltr'><strong>quoque</strong></span> <span class='ocrx_word' id='word_1_113' title='bbox 1070 2220 1231 2287; x_wconf 90' lang='lat' dir='ltr'><strong>debemus</strong></span> <span class='ocrx_word' id='word_1_114' title='bbox 1247 2226 1405 2314; x_wconf 79' lang='grc' dir='ltr'><strong>Λέανδρον</strong></span> 
     </span>
     <span class='ocr_line' id='line_1_19' title="bbox 230 2328 1404 2416; baseline -0.002 -20"><span class='ocrx_word' id='word_1_115' title='bbox 230 2352 373 2396; x_wconf 88' lang='lat' dir='ltr'><strong>errorem</strong></span> <span class='ocrx_word' id='word_1_116' title='bbox 409 2329 496 2396; x_wconf 88' lang='lat' dir='ltr'><strong>male</strong></span> <span class='ocrx_word' id='word_1_117' title='bbox 533 2339 718 2395; x_wconf 87' lang='lat' dir='ltr'><strong>correctum</strong></span> <span class='ocrx_word' id='word_1_118' title='bbox 756 2339 898 2394; x_wconf 87' lang='lat' dir='ltr'><strong>aetatem</strong></span> <span class='ocrx_word' id='word_1_119' title='bbox 934 2328 1057 2394; x_wconf 88' lang='lat' dir='ltr'><strong>tulisse.</strong></span> <span class='ocrx_word' id='word_1_120' title='bbox 1119 2328 1186 2394; x_wconf 86' lang='lat' dir='ltr'><strong>Sed</strong></span> <span class='ocrx_word' id='word_1_121' title='bbox 1220 2353 1327 2416; x_wconf 86' lang='lat' dir='ltr'><strong>usque</strong></span> <span class='ocrx_word' id='word_1_122' title='bbox 1363 2330 1404 2394; x_wconf 93' lang='lat' dir='ltr'><strong>ad</strong></span> 
     </span>
     <span class='ocr_line' id='line_1_20' title="bbox 230 2436 1404 2524; baseline -0.003 -21"><span class='ocrx_word' id='word_1_123' title='bbox 230 2436 344 2504; x_wconf 92' lang='lat' dir='ltr'><strong>ultima</strong></span> <span class='ocrx_word' id='word_1_124' title='bbox 371 2448 519 2524; x_wconf 88' lang='lat' dir='ltr'><strong>tempora</strong></span> <span class='ocrx_word' id='word_1_125' title='bbox 553 2439 651 2503; x_wconf 90' lang='lat' dir='ltr'><strong>etiam</strong></span> <span class='ocrx_word' id='word_1_126' title='bbox 687 2439 877 2523; x_wconf 87' lang='lat' dir='ltr'><strong>incorrupta</strong></span> <span class='ocrx_word' id='word_1_127' title='bbox 910 2438 1052 2502; x_wconf 90' lang='lat' dir='ltr'><strong>nominis</strong></span> <span class='ocrx_word' id='word_1_128' title='bbox 1082 2439 1244 2523; x_wconf 88' lang='lat' dir='ltr'><strong>scriptura</strong></span> <span class='ocrx_word' id='word_1_129' title='bbox 1275 2438 1404 2502; x_wconf 88' lang='lat' dir='ltr'><strong>mansit.</strong></span> 
     </span>
     <span class='ocr_line' id='line_1_21' title="bbox 233 2544 1407 2633; baseline -0.003 -22"><span class='ocrx_word' id='word_1_130' title='bbox 233 2545 366 2612; x_wconf 78' lang='lat' dir='ltr'><strong>Scholia</strong></span> <span class='ocrx_word' id='word_1_131' title='bbox 389 2547 431 2611; x_wconf 87' lang='lat' dir='ltr'><strong>ad</strong></span> <span class='ocrx_word' id='word_1_132' title='bbox 454 2545 664 2633; x_wconf 86' lang='lat' dir='ltr'><strong>Apollonium</strong></span> <span class='ocrx_word' id='word_1_133' title='bbox 681 2545 845 2611; x_wconf 88' lang='lat' dir='ltr'><strong>Rhodium</strong></span> <span class='ocrx_word' id='word_1_134' title='bbox 870 2567 984 2609; x_wconf 87' lang='lat' dir='ltr'><strong>omnes</strong></span> <span class='ocrx_word' id='word_1_135' title='bbox 1009 2556 1075 2609; x_wconf 88' lang='lat' dir='ltr'><strong>tres</strong></span> <span class='ocrx_word' id='word_1_136' title='bbox 1099 2545 1223 2610; x_wconf 84' lang='lat' dir='ltr'><strong>formas</strong></span> <span class='ocrx_word' id='word_1_137' title='bbox 1248 2544 1407 2631; x_wconf 89' lang='lat' dir='ltr'><strong>praebent</strong></span> 
     </span>
     <span class='ocr_line' id='line_1_22' title="bbox 231 2651 1280 2740; baseline -0.003 -21"><span class='ocrx_word' id='word_1_138' title='bbox 231 2654 414 2720; x_wconf 89' lang='lat' dir='ltr'><strong>secundum</strong></span> <span class='ocrx_word' id='word_1_139' title='bbox 439 2654 589 2720; x_wconf 86' lang='lat' dir='ltr'><strong>diversos</strong></span> <span class='ocrx_word' id='word_1_140' title='bbox 613 2654 730 2729; x_wconf 81' lang='lat' dir='ltr'><strong>fontes,</strong></span> <span class='ocrx_word' id='word_1_141' title='bbox 757 2675 775 2718; x_wconf 91' lang='lat' dir='ltr'><strong>e</strong></span> <span class='ocrx_word' id='word_1_142' title='bbox 799 2653 920 2740; x_wconf 90' lang='lat' dir='ltr'><strong>quibus</strong></span> <span class='ocrx_word' id='word_1_143' title='bbox 944 2675 1005 2716; x_wconf 86' lang='lat' dir='ltr'><strong>sua</strong></span> <span class='ocrx_word' id='word_1_144' title='bbox 1029 2651 1280 2739; x_wconf 85' lang='lat' dir='ltr'><strong>sumpserunt²).</strong></span> 
     </span>
    </p>
   </div>
   <div class='ocr_carea' id='block_1_4' title="bbox 232 2777 1408 3301">
    <p class='ocr_par' dir='ltr' id='par_1_4' title="bbox 232 2777 1408 3301">
     <span class='ocr_line' id='line_1_23' title="bbox 323 2777 1408 2866; baseline -0.004 -22"><span class='ocrx_word' id='word_1_145' title='bbox 323 2779 394 2845; x_wconf 89' lang='lat' dir='ltr'><strong>lam</strong></span> <span class='ocrx_word' id='word_1_146' title='bbox 417 2802 478 2844; x_wconf 89' lang='lat' dir='ltr'><strong>nos</strong></span> <span class='ocrx_word' id='word_1_147' title='bbox 503 2781 651 2865; x_wconf 88' lang='lat' dir='ltr'><strong>quaestio</strong></span> <span class='ocrx_word' id='word_1_148' title='bbox 674 2788 780 2857; x_wconf 84' lang='lat' dir='ltr'><strong>vocat,</strong></span> <span class='ocrx_word' id='word_1_149' title='bbox 806 2801 870 2865; x_wconf 89' lang='lat' dir='ltr'><strong>quo</strong></span> <span class='ocrx_word' id='word_1_150' title='bbox 895 2789 1043 2866; x_wconf 88' lang='lat' dir='ltr'><strong>ternpore</strong></span> <span class='ocrx_word' id='word_1_151' title='bbox 1059 2777 1286 2843; x_wconf 90' lang='lat' dir='ltr'><strong>Maeandrium</strong></span> <span class='ocrx_word' id='word_1_152' title='bbox 1303 2777 1408 2842; x_wconf 87' lang='lat' dir='ltr'><strong>fuisse</strong></span> 
     </span>
     <span class='ocr_line' id='line_1_24' title="bbox 233 2881 1408 2974; baseline -0.002 -24"><span class='ocrx_word' id='word_1_153' title='bbox 233 2897 396 2973; x_wconf 82' lang='lat' dir='ltr'><strong>putemus.</strong></span> <span class='ocrx_word' id='word_1_154' title='bbox 444 2887 620 2952; x_wconf 86' lang='lat' dir='ltr'><strong>Terminus</strong></span> <span class='ocrx_word' id='word_1_155' title='bbox 648 2897 723 2951; x_wconf 85' lang='lat' dir='ltr'><strong>ante</strong></span> <span class='ocrx_word' id='word_1_156' title='bbox 753 2906 849 2974; x_wconf 90' lang='lat' dir='ltr'><strong>quem</strong></span> <span class='ocrx_word' id='word_1_157' title='bbox 873 2888 892 2949; x_wconf 93' lang='lat' dir='ltr'><strong>i.</strong></span> <span class='ocrx_word' id='word_1_158' title='bbox 919 2909 947 2950; x_wconf 88' lang='lat' dir='ltr'><strong>e.</strong></span> <span class='ocrx_word' id='word_1_159' title='bbox 973 2908 1078 2951; x_wconf 91' lang='lat' dir='ltr'><strong>annus</strong></span> <span class='ocrx_word' id='word_1_160' title='bbox 1103 2885 1178 2967; x_wconf 81' lang='lat'>240,</span> <span class='ocrx_word' id='word_1_161' title='bbox 1204 2906 1301 2972; x_wconf 92' lang='lat' dir='ltr'><strong>quem</strong></span> <span class='ocrx_word' id='word_1_162' title='bbox 1325 2881 1408 2948; x_wconf 88' lang='lat' dir='ltr'><strong>tituli</strong></span> 
     </span>
     <span class='ocr_line' id='line_1_25' title="bbox 232 2992 1407 3079; baseline 0.001 -22"><span class='ocrx_word' id='word_1_163' title='bbox 232 3003 338 3058; x_wconf 86' lang='lat' dir='ltr'><strong>aetate</strong></span> <span class='ocrx_word' id='word_1_164' title='bbox 362 2995 450 3059; x_wconf 84' lang='lat' dir='ltr'><strong>nacti</strong></span> <span class='ocrx_word' id='word_1_165' title='bbox 480 3016 604 3076; x_wconf 88' lang='lat' dir='ltr'><strong>sumus,</strong></span> <span class='ocrx_word' id='word_1_166' title='bbox 633 2995 660 3058; x_wconf 91' lang='lat' dir='ltr'><strong>si</strong></span> <span class='ocrx_word' id='word_1_167' title='bbox 691 3015 775 3079; x_wconf 91' lang='lat' dir='ltr'><strong>opus</strong></span> <span class='ocrx_word' id='word_1_168' title='bbox 803 3003 902 3074; x_wconf 88' lang='lat' dir='ltr'><strong>esset,</strong></span> <span class='ocrx_word' id='word_1_169' title='bbox 926 2992 991 3057; x_wconf 83' lang='lat' dir='ltr'><strong>alia</strong></span> <span class='ocrx_word' id='word_1_170' title='bbox 1015 3016 1049 3058; x_wconf 90' lang='lat' dir='ltr'><strong>re</strong></span> <span class='ocrx_word' id='word_1_171' title='bbox 1075 2992 1261 3056; x_wconf 84' lang='lat' dir='ltr'><strong>confirmari</strong></span> <span class='ocrx_word' id='word_1_172' title='bbox 1283 3001 1407 3077; x_wconf 88' lang='lat' dir='ltr'><strong>posset.</strong></span> 
     </span>
     <span class='ocr_line' id='line_1_26' title="bbox 234 3097 1408 3187; baseline -0.003 -23"><span class='ocrx_word' id='word_1_173' title='bbox 234 3100 400 3186; x_wconf 83' lang='lat' dir='ltr'><strong>Stephano</strong></span> <span class='ocrx_word' id='word_1_174' title='bbox 424 3103 511 3166; x_wconf 90' lang='lat' dir='ltr'><strong>enim</strong></span> <span class='ocrx_word' id='word_1_175' title='bbox 528 3102 686 3187; x_wconf 85' lang='lat' dir='ltr'><strong>Byzantio</strong></span> <span class='ocrx_word' id='word_1_176' title='bbox 710 3109 793 3164; x_wconf 89' lang='lat' dir='ltr'><strong>teste</strong></span> <span class='ocrx_word' id='word_1_177' title='bbox 818 3123 842 3165; x_wconf 95' lang='lat' dir='ltr'><strong>s.</strong></span> <span class='ocrx_word' id='word_1_178' title='bbox 867 3122 897 3164; x_wconf 89' lang='lat' dir='ltr'><strong>v.</strong></span> <span class='ocrx_word' id='word_1_179' title='bbox 913 3103 987 3185; x_wconf 75' lang='grc' dir='ltr'><strong>Ὕδη</strong></span> <span class='ocrx_word' id='word_1_180' title='bbox 1013 3099 1067 3182; x_wconf 82' lang='lat' dir='ltr'><strong>(ci.</strong></span> <span class='ocrx_word' id='word_1_181' title='bbox 1092 3123 1123 3187; x_wconf 92' lang='lat' dir='ltr'><strong>p.</strong></span> <span class='ocrx_word' id='word_1_182' title='bbox 1149 3097 1206 3182; x_wconf 87' lang='grc'><strong>67)</strong></span> <span class='ocrx_word' id='word_1_183' title='bbox 1222 3097 1408 3162; x_wconf 89' lang='lat' dir='ltr'><strong>Leandrum</strong></span> 
     </span>
     <span class='ocr_line' id='line_1_27' title="bbox 235 3205 1408 3301; baseline -0.003 -30"><span class='ocrx_word' id='word_1_184' title='bbox 235 3206 348 3272; x_wconf 87' lang='lat' dir='ltr'><strong>laudat</strong></span> <span class='ocrx_word' id='word_1_185' title='bbox 370 3213 507 3301; x_wconf 83' lang='grc' dir='ltr'><strong>Νικάνωρ</strong></span> <span class='ocrx_word' id='word_1_186' title='bbox 531 3213 561 3277; x_wconf 84' lang='grc' dir='ltr'><strong>ἐν</strong></span> <span class='ocrx_word' id='word_1_187' title='bbox 585 3215 828 3301; x_wconf 79' lang='grc' dir='ltr'><strong>Μετονομασίαις</strong></span> <span class='ocrx_word' id='word_1_188' title='bbox 838 3207 872 3291; x_wconf 76' lang='lat'><strong>⁸).</strong></span> <span class='ocrx_word' id='word_1_189' title='bbox 919 3207 1026 3271; x_wconf 86' lang='lat' dir='ltr'><strong>Huius</strong></span> <span class='ocrx_word' id='word_1_190' title='bbox 1049 3207 1221 3271; x_wconf 86' lang='lat' dir='ltr'><strong>Nicanoris</strong></span> <span class='ocrx_word' id='word_1_191' title='bbox 1246 3205 1408 3292; x_wconf 79' lang='lat' dir='ltr'><strong>Cyrenaei</strong></span> 
     </span>
    </p>
   </div>
   <div class='ocr_carea' id='block_1_5' title="bbox 233 3399 1410 4638">
    <p class='ocr_par' dir='ltr' id='par_1_5' title="bbox 235 3399 1410 3652">
     <span class='ocr_line' id='line_1_28' title="bbox 329 3399 1410 3471; baseline -0.006 -14"><span class='ocrx_word' id='word_1_192' title='bbox 329 3405 347 3470; x_wconf 82' lang='lat'><strong>¹)</strong></span> <span class='ocrx_word' id='word_1_193' title='bbox 368 3401 496 3457; x_wconf 77' lang='lat' dir='ltr'><strong>Clemens</strong></span> <span class='ocrx_word' id='word_1_194' title='bbox 516 3401 728 3468; x_wconf 79' lang='lat' dir='ltr'><strong>Alexandrinus,</strong></span> <span class='ocrx_word' id='word_1_195' title='bbox 748 3419 763 3455; x_wconf 90' lang='lat' dir='ltr'><strong>e</strong></span> <span class='ocrx_word' id='word_1_196' title='bbox 783 3419 837 3471; x_wconf 86' lang='lat' dir='ltr'><strong>quo</strong></span> <span class='ocrx_word' id='word_1_197' title='bbox 856 3401 996 3456; x_wconf 84' lang='lat' dir='ltr'><strong>Arnobius</strong></span> <span class='ocrx_word' id='word_1_198' title='bbox 1015 3399 1117 3464; x_wconf 85' lang='lat' dir='ltr'><strong>hausit,</strong></span> <span class='ocrx_word' id='word_1_199' title='bbox 1137 3400 1198 3469; x_wconf 91' lang='lat' dir='ltr'><strong>ipse</strong></span> <span class='ocrx_word' id='word_1_200' title='bbox 1218 3400 1340 3454; x_wconf 78' lang='lat' dir='ltr'><strong>forursse</strong></span> <span class='ocrx_word' id='word_1_201' title='bbox 1359 3415 1410 3452; x_wconf 90' lang='lat' dir='ltr'><strong>sua</strong></span> 
     </span>
     <span class='ocr_line' id='line_1_29' title="bbox 235 3488 1408 3563; baseline -0.002 -19"><span class='ocrx_word' id='word_1_202' title='bbox 235 3492 379 3563; x_wconf 88' lang='lat' dir='ltr'><strong>eDidymo</strong></span> <span class='ocrx_word' id='word_1_203' title='bbox 392 3492 524 3563; x_wconf 73' lang='lat' dir='ltr'><strong>sumpsit:</strong></span> <span class='ocrx_word' id='word_1_204' title='bbox 537 3491 689 3546; x_wconf 84' lang='lat' dir='ltr'><strong>scholiasta</strong></span> <span class='ocrx_word' id='word_1_205' title='bbox 696 3491 834 3560; x_wconf 80' lang='lat' dir='ltr'><strong>Apollonii</strong></span> <span class='ocrx_word' id='word_1_206' title='bbox 844 3489 1238 3558; x_wconf 84' lang='lat' dir='ltr'><strong>exAlexandroPolyhistore‚</strong></span> <span class='ocrx_word' id='word_1_207' title='bbox 1248 3492 1281 3542; x_wconf 85' lang='lat' dir='ltr'><strong>ut</strong></span> <span class='ocrx_word' id='word_1_208' title='bbox 1291 3488 1408 3542; x_wconf 87' lang='lat' dir='ltr'><strong>Bethius</strong></span> 
     </span>
     <span class='ocr_line' id='line_1_30' title="bbox 236 3579 1238 3652; baseline -0.004 -17"><span class='ocrx_word' id='word_1_209' title='bbox 236 3581 303 3635; x_wconf 88' lang='lat' dir='ltr'><strong>mihi</strong></span> <span class='ocrx_word' id='word_1_210' title='bbox 322 3581 434 3646; x_wconf 84' lang='lat' dir='ltr'><strong>scribit;</strong></span> <span class='ocrx_word' id='word_1_211' title='bbox 456 3581 593 3652; x_wconf 79' lang='lat' dir='ltr'><strong>Diogenes</strong></span> <span class='ocrx_word' id='word_1_212' title='bbox 612 3581 740 3636; x_wconf 83' lang='lat' dir='ltr'><strong>Laertius</strong></span> <span class='ocrx_word' id='word_1_213' title='bbox 758 3579 878 3634; x_wconf 86' lang='lat' dir='ltr'><strong>fortasse</strong></span> <span class='ocrx_word' id='word_1_214' title='bbox 898 3580 933 3633; x_wconf 89' lang='lat' dir='ltr'><strong>ad</strong></span> <span class='ocrx_word' id='word_1_215' title='bbox 953 3579 1137 3648; x_wconf 87' lang='lat' dir='ltr'><strong>Hermippum</strong></span> <span class='ocrx_word' id='word_1_216' title='bbox 1156 3579 1238 3633; x_wconf 86' lang='lat' dir='ltr'><strong>redit.</strong></span> 
     </span>
    </p>

    <p class='ocr_par' dir='ltr' id='par_1_6' title="bbox 233 3667 1409 4098">
     <span class='ocr_line' id='line_1_31' title="bbox 324 3667 1408 3738; baseline -0.009 -9"><span class='ocrx_word' id='word_1_217' title='bbox 324 3672 344 3730; x_wconf 81' lang='lat' dir='ltr'><strong>’t</strong></span> <span class='ocrx_word' id='word_1_218' title='bbox 365 3671 406 3726; x_wconf 79' lang='lat' dir='ltr'><strong>ef.</strong></span> <span class='ocrx_word' id='word_1_219' title='bbox 438 3671 524 3724; x_wconf 88' lang='lat' dir='ltr'><strong>etiam</strong></span> <span class='ocrx_word' id='word_1_220' title='bbox 555 3671 654 3736; x_wconf 71' lang='lat' dir='ltr'><strong>Bothe,</strong></span> <span class='ocrx_word' id='word_1_221' title='bbox 684 3671 802 3725; x_wconf 90' lang='lat' dir='ltr'><strong>Hermes</strong></span> <span class='ocrx_word' id='word_1_222' title='bbox 833 3669 923 3722; x_wconf 85' lang='lat' dir='ltr'>XXIV</span> <span class='ocrx_word' id='word_1_223' title='bbox 955 3669 1049 3736; x_wconf 83' lang='grc'>(1889)</span> <span class='ocrx_word' id='word_1_224' title='bbox 1075 3687 1102 3738; x_wconf 90' lang='lat' dir='ltr'><strong>p.</strong></span> <span class='ocrx_word' id='word_1_225' title='bbox 1132 3667 1186 3721; x_wconf 82' lang='lat'><strong>413</strong></span> <span class='ocrx_word' id='word_1_226' title='bbox 1215 3668 1279 3721; x_wconf 90' lang='lat' dir='ltr'><strong>adn.</strong></span> <span class='ocrx_word' id='word_1_227' title='bbox 1304 3667 1329 3721; x_wconf 83' lang='lat'><strong>2.</strong></span> <span class='ocrx_word' id='word_1_228' title='bbox 1369 3667 1408 3720; x_wconf 86' lang='lat' dir='ltr'><strong>De</strong></span> 
     </span>
     <span class='ocr_line' id='line_1_32' title="bbox 235 3757 1408 3830; baseline -0.008 -12"><span class='ocrx_word' id='word_1_229' title='bbox 235 3761 382 3828; x_wconf 84' lang='lat' dir='ltr'><strong>Strabone,</strong></span> <span class='ocrx_word' id='word_1_230' title='bbox 411 3761 457 3830; x_wconf 87' lang='lat' dir='ltr'><strong>qui</strong></span> <span class='ocrx_word' id='word_1_231' title='bbox 482 3777 516 3815; x_wconf 85' lang='lat' dir='ltr'><strong>ex</strong></span> <span class='ocrx_word' id='word_1_232' title='bbox 540 3760 708 3829; x_wconf 81' lang='lat' dir='ltr'><strong>Apollodoro</strong></span> <span class='ocrx_word' id='word_1_233' title='bbox 734 3761 790 3829; x_wconf 77' lang='grc' dir='ltr'><strong>περὶ</strong></span> <span class='ocrx_word' id='word_1_234' title='bbox 811 3766 875 3815; x_wconf 78' lang='grc' dir='ltr'><strong>νεῶν</strong></span> <span class='ocrx_word' id='word_1_235' title='bbox 900 3758 1001 3826; x_wconf 71' lang='lat' dir='ltr'><strong>hausit,</strong></span> <span class='ocrx_word' id='word_1_236' title='bbox 1031 3758 1066 3813; x_wconf 86' lang='lat' dir='ltr'><strong>of.</strong></span> <span class='ocrx_word' id='word_1_237' title='bbox 1092 3757 1183 3825; x_wconf 80' lang='lat' dir='ltr'><strong>Niose,</strong></span> <span class='ocrx_word' id='word_1_238' title='bbox 1213 3757 1313 3811; x_wconf 85' lang='lat' dir='ltr'><strong>Rhein.</strong></span> <span class='ocrx_word' id='word_1_239' title='bbox 1339 3757 1408 3810; x_wconf 80' lang='lat' dir='ltr'><strong>llus.</strong></span> 
     </span>
     <span class='ocr_line' id='line_1_33' title="bbox 235 3845 1409 3920; baseline -0.005 -16"><span class='ocrx_word' id='word_1_240' title='bbox 235 3849 342 3904; x_wconf 82' lang='lat' dir='ltr'>XXXII</span> <span class='ocrx_word' id='word_1_241' title='bbox 361 3849 454 3920; x_wconf 66' lang='lat' dir='ltr'><strong>(lata)</strong></span> <span class='ocrx_word' id='word_1_242' title='bbox 473 3868 501 3919; x_wconf 92' lang='lat' dir='ltr'><strong>p.</strong></span> <span class='ocrx_word' id='word_1_243' title='bbox 520 3848 574 3903; x_wconf 78' lang='lat'><strong>274</strong></span> <span class='ocrx_word' id='word_1_244' title='bbox 593 3867 634 3919; x_wconf 86' lang='lat' dir='ltr'><strong>sq.</strong></span> <span class='ocrx_word' id='word_1_245' title='bbox 654 3849 719 3913; x_wconf 79' lang='lat'>290;</span> <span class='ocrx_word' id='word_1_246' title='bbox 740 3849 882 3904; x_wconf 84' lang='lat' dir='ltr'><strong>Macrobio</strong></span> <span class='ocrx_word' id='word_1_247' title='bbox 902 3853 999 3903; x_wconf 88' lang='lat' dir='ltr'><strong>auctor</strong></span> <span class='ocrx_word' id='word_1_248' title='bbox 1018 3847 1118 3916; x_wconf 88' lang='lat' dir='ltr'><strong>aliquis</strong></span> <span class='ocrx_word' id='word_1_249' title='bbox 1137 3848 1243 3900; x_wconf 88' lang='lat' dir='ltr'><strong>latinus</strong></span> <span class='ocrx_word' id='word_1_250' title='bbox 1263 3845 1409 3900; x_wconf 89' lang='lat' dir='ltr'><strong>lamblichi</strong></span> 
     </span>
     <span class='ocr_line' id='line_1_34' title="bbox 233 3935 1408 4010; baseline -0.008 -14"><span class='ocrx_word' id='word_1_251' title='bbox 233 3943 290 4010; x_wconf 77' lang='grc' dir='ltr'><strong>πιρὶ</strong></span> <span class='ocrx_word' id='word_1_252' title='bbox 305 3945 372 3998; x_wconf 70' lang='lat' dir='ltr'><strong>uror</strong></span> <span class='ocrx_word' id='word_1_253' title='bbox 385 3939 543 3995; x_wconf 88' lang='lat' dir='ltr'><strong>doctrinam</strong></span> <span class='ocrx_word' id='word_1_254' title='bbox 556 3939 755 4010; x_wconf 83' lang='lat' dir='ltr'><strong>suppeditavit,</strong></span> <span class='ocrx_word' id='word_1_255' title='bbox 775 3939 810 3994; x_wconf 89' lang='lat' dir='ltr'><strong>cf.</strong></span> <span class='ocrx_word' id='word_1_256' title='bbox 824 3939 970 4006; x_wconf 75' lang='lat' dir='ltr'><strong>Wismwa.</strong></span> <span class='ocrx_word' id='word_1_257' title='bbox 991 3938 1025 3992; x_wconf 88' lang='lat' dir='ltr'><strong>ds</strong></span> <span class='ocrx_word' id='word_1_258' title='bbox 1040 3937 1175 3992; x_wconf 86' lang='lat' dir='ltr'><strong>Macrobii</strong></span> <span class='ocrx_word' id='word_1_259' title='bbox 1188 3935 1408 3990; x_wconf 73' lang='lat' dir='ltr'><strong>saturnaliorum</strong></span> 
     </span>
     <span class='ocr_line' id='line_1_35' title="bbox 233 4029 849 4098; baseline -0.003 -14"><span class='ocrx_word' id='word_1_260' title='bbox 233 4029 368 4098; x_wconf 85' lang='lat' dir='ltr'><strong>fontibus,</strong></span> <span class='ocrx_word' id='word_1_261' title='bbox 389 4029 454 4084; x_wconf 82' lang='lat' dir='ltr'><strong>diss.</strong></span> <span class='ocrx_word' id='word_1_262' title='bbox 474 4029 586 4083; x_wconf 83' lang='lat' dir='ltr'><strong>Vratisl.</strong></span> <span class='ocrx_word' id='word_1_263' title='bbox 608 4029 678 4083; x_wconf 85' lang='lat'>1880</span> <span class='ocrx_word' id='word_1_264' title='bbox 695 4047 713 4098; x_wconf 91' lang='lat' dir='ltr'><strong>p</strong></span> <span class='ocrx_word' id='word_1_265' title='bbox 742 4029 785 4084; x_wconf 85' lang='lat'><strong>38.</strong></span> <span class='ocrx_word' id='word_1_266' title='bbox 805 4031 849 4082; x_wconf 80' lang='lat'><strong>41.</strong></span> 
     </span>
    </p>

    <p class='ocr_par' dir='ltr' id='par_1_7' title="bbox 235 4115 1410 4638">
     <span class='ocr_line' id='line_1_36' title="bbox 326 4115 1409 4189; baseline -0.006 -16"><span class='ocrx_word' id='word_1_267' title='bbox 326 4120 346 4182; x_wconf 81' lang='lat'><strong>¹)</strong></span> <span class='ocrx_word' id='word_1_268' title='bbox 379 4119 466 4172; x_wconf 89' lang='lat' dir='ltr'><strong>Huius</strong></span> <span class='ocrx_word' id='word_1_269' title='bbox 506 4118 648 4189; x_wconf 86' lang='lat' dir='ltr'><strong>scriptoris</strong></span> <span class='ocrx_word' id='word_1_270' title='bbox 689 4117 848 4188; x_wconf 84' lang='lat' dir='ltr'><strong>fragmenta</strong></span> <span class='ocrx_word' id='word_1_271' title='bbox 888 4117 1000 4186; x_wconf 83' lang='lat' dir='ltr'><strong>collegit</strong></span> <span class='ocrx_word' id='word_1_272' title='bbox 1041 4117 1173 4174; x_wconf 82' lang='lat' dir='ltr'><strong>Mueller.</strong></span> <span class='ocrx_word' id='word_1_273' title='bbox 1215 4115 1315 4185; x_wconf 83' lang='lat' dir='ltr'><strong>Script.</strong></span> <span class='ocrx_word' id='word_1_274' title='bbox 1355 4131 1409 4168; x_wconf 87' lang='lat' dir='ltr'><strong>rer.</strong></span> 
     </span>
     <span class='ocr_line' id='line_1_37' title="bbox 237 4204 1407 4278; baseline -0.007 -15"><span class='ocrx_word' id='word_1_275' title='bbox 237 4210 314 4263; x_wconf 83' lang='lat' dir='ltr'><strong>Alex.</strong></span> <span class='ocrx_word' id='word_1_276' title='bbox 334 4209 430 4278; x_wconf 86' lang='lat' dir='ltr'><strong>Magni</strong></span> <span class='ocrx_word' id='word_1_277' title='bbox 457 4208 484 4261; x_wconf 91' lang='lat' dir='ltr'><strong>in</strong></span> <span class='ocrx_word' id='word_1_278' title='bbox 509 4208 634 4262; x_wconf 84' lang='lat' dir='ltr'><strong>editione</strong></span> <span class='ocrx_word' id='word_1_279' title='bbox 656 4207 764 4261; x_wconf 80' lang='lat' dir='ltr'><strong>Arriani</strong></span> <span class='ocrx_word' id='word_1_280' title='bbox 783 4227 809 4277; x_wconf 73' lang='lat' dir='ltr'><strong>pv</strong></span> <span class='ocrx_word' id='word_1_281' title='bbox 834 4208 890 4260; x_wconf 62' lang='lat' dir='ltr'><strong>itast.</strong></span> <span class='ocrx_word' id='word_1_282' title='bbox 929 4208 970 4260; x_wconf 80' lang='lat' dir='ltr'><strong>Ad</strong></span> <span class='ocrx_word' id='word_1_283' title='bbox 999 4224 1068 4276; x_wconf 82' lang='lat' dir='ltr'><strong>opus</strong></span> <span class='ocrx_word' id='word_1_284' title='bbox 1097 4207 1149 4260; x_wconf 92' lang='lat' dir='ltr'><strong>hoo</strong></span> <span class='ocrx_word' id='word_1_285' title='bbox 1178 4207 1237 4259; x_wconf 90' lang='lat' dir='ltr'><strong>loco</strong></span> <span class='ocrx_word' id='word_1_286' title='bbox 1266 4204 1407 4258; x_wconf 85' lang='lat' dir='ltr'><strong>laudatum</strong></span> 
     </span>
     <span class='ocr_line' id='line_1_38' title="bbox 236 4291 1410 4368; baseline -0.004 -16"><span class='ocrx_word' id='word_1_287' title='bbox 236 4299 392 4368; x_wconf 89' lang='lat' dir='ltr'><strong>pertinent:</strong></span> <span class='ocrx_word' id='word_1_288' title='bbox 413 4299 573 4352; x_wconf 79' lang='lat' dir='ltr'><strong>Athenaeus</strong></span> <span class='ocrx_word' id='word_1_289' title='bbox 592 4297 646 4350; x_wconf 87' lang='lat' dir='ltr'><strong>VII</strong></span> <span class='ocrx_word' id='word_1_290' title='bbox 665 4316 689 4366; x_wconf 93' lang='lat' dir='ltr'><strong>p.</strong></span> <span class='ocrx_word' id='word_1_291' title='bbox 710 4297 790 4350; x_wconf 81' lang='grc' dir='ltr'><strong>29θά</strong></span> <span class='ocrx_word' id='word_1_292' title='bbox 804 4300 922 4366; x_wconf 77' lang='grc' dir='ltr'><strong>Νικάνωρ</strong></span> <span class='ocrx_word' id='word_1_293' title='bbox 942 4297 971 4352; x_wconf 79' lang='grc' dir='ltr'><strong>δὲ</strong></span> <span class='ocrx_word' id='word_1_294' title='bbox 989 4295 1154 4365; x_wconf 81' lang='grc' dir='ltr'><strong>ὁΚυρηναῒος</strong></span> <span class='ocrx_word' id='word_1_295' title='bbox 1173 4291 1199 4351; x_wconf 75' lang='grc' dir='ltr'><strong>ἐν</strong></span> <span class='ocrx_word' id='word_1_296' title='bbox 1213 4293 1410 4362; x_wconf 79' lang='grc' dir='ltr'><strong>Μετονομασίαις</strong></span> 
     </span>
     <span class='ocr_line' id='line_1_39' title="bbox 235 4380 1408 4457; baseline -0.009 -13"><span class='ocrx_word' id='word_1_297' title='bbox 235 4389 276 4444; x_wconf 77' lang='grc' dir='ltr'><strong>τὸν</strong></span> <span class='ocrx_word' id='word_1_298' title='bbox 296 4383 448 4457; x_wconf 63' lang='grc' dir='ltr'><strong>Μελικέρτην</strong></span> <span class='ocrx_word' id='word_1_299' title='bbox 466 4389 529 4457; x_wconf 76' lang='grc' dir='ltr'>φησὶ</span> <span class='ocrx_word' id='word_1_300' title='bbox 547 4392 660 4444; x_wconf 79' lang='grc' dir='ltr'><strong>Γλαῦκον</strong></span> <span class='ocrx_word' id='word_1_301' title='bbox 680 4392 904 4457; x_wconf 61' lang='grc' dir='ltr'><strong>μετονομασθῆναι.</strong></span> <span class='ocrx_word' id='word_1_302' title='bbox 942 4385 1126 4454; x_wconf 83' lang='lat' dir='ltr'><strong>Harpocratio</strong></span> <span class='ocrx_word' id='word_1_303' title='bbox 1147 4403 1167 4438; x_wconf 85' lang='lat' dir='ltr'><strong>s.</strong></span> <span class='ocrx_word' id='word_1_304' title='bbox 1188 4403 1213 4436; x_wconf 87' lang='lat' dir='ltr'><strong>v.</strong></span> <span class='ocrx_word' id='word_1_305' title='bbox 1229 4380 1296 4452; x_wconf 78' lang='grc' dir='ltr'><strong>’Λιιη</strong></span> <span class='ocrx_word' id='word_1_306' title='bbox 1323 4427 1327 4436; x_wconf 96' lang='grc'>.</span> <span class='ocrx_word' id='word_1_307' title='bbox 1349 4424 1354 4434; x_wconf 92' lang='grc'>.</span> <span class='ocrx_word' id='word_1_308' title='bbox 1376 4423 1380 4432; x_wconf 97' lang='grc'>.</span> <span class='ocrx_word' id='word_1_309' title='bbox 1402 4421 1408 4434; x_wconf 90' lang='grc'><em>.</em></span> 
     </span>
     <span class='ocr_line' id='line_1_40' title="bbox 236 4469 1410 4548; baseline -0.005 -16"><span class='ocrx_word' id='word_1_310' title='bbox 236 4479 268 4548; x_wconf 80' lang='grc' dir='ltr'><strong>ἣν</strong></span> <span class='ocrx_word' id='word_1_311' title='bbox 286 4481 405 4546; x_wconf 71' lang='grc' dir='ltr'><strong>Νικάνωρ</strong></span> <span class='ocrx_word' id='word_1_312' title='bbox 424 4475 438 4534; x_wconf 85' lang='lat' dir='ltr'><strong>d</strong></span> <span class='ocrx_word' id='word_1_313' title='bbox 456 4478 511 4547; x_wconf 78' lang='grc' dir='ltr'><strong>περὶ</strong></span> <span class='ocrx_word' id='word_1_314' title='bbox 528 4481 724 4545; x_wconf 81' lang='grc' dir='ltr'><strong>Μετονομασιῶν</strong></span> <span class='ocrx_word' id='word_1_315' title='bbox 743 4481 874 4546; x_wconf 79' lang='grc' dir='ltr'><strong>γεγραφὼς</strong></span> <span class='ocrx_word' id='word_1_316' title='bbox 891 4477 935 4531; x_wconf 76' lang='grc' dir='ltr'><strong>καὶ</strong></span> <span class='ocrx_word' id='word_1_317' title='bbox 949 4475 1109 4546; x_wconf 79' lang='grc' dir='ltr'><strong>Καλλίμαχος</strong></span> <span class='ocrx_word' id='word_1_318' title='bbox 1127 4469 1153 4529; x_wconf 74' lang='grc' dir='ltr'><strong>ἰν</strong></span> <span class='ocrx_word' id='word_1_319' title='bbox 1172 4479 1221 4535; x_wconf 76' lang='grc' dir='ltr'><strong>τοῖς</strong></span> <span class='ocrx_word' id='word_1_320' title='bbox 1236 4473 1410 4542; x_wconf 75' lang='grc' dir='ltr'><strong>Ὑπομνήμασι</strong></span> 
     </span>
     <span class='ocr_line' id='line_1_41' title="bbox 236 4558 1408 4638; baseline -0.008 -16"><span class='ocrx_word' id='word_1_321' title='bbox 236 4567 280 4638; x_wconf 75' lang='grc' dir='ltr'><strong>τὴν</strong></span> <span class='ocrx_word' id='word_1_322' title='bbox 307 4574 351 4624; x_wconf 76' lang='grc' dir='ltr'><strong>νῦν</strong></span> <span class='ocrx_word' id='word_1_323' title='bbox 379 4563 544 4637; x_wconf 62' lang='grc' dir='ltr'><strong>Πτοὶιμοίΐδα</strong></span> <span class='ocrx_word' id='word_1_324' title='bbox 571 4565 728 4636; x_wconf 79' lang='grc' dir='ltr'><strong>καλουμένην</strong></span> <span class='ocrx_word' id='word_1_325' title='bbox 756 4567 831 4636; x_wconf 81' lang='grc' dir='ltr'><strong>φασὶν</strong></span> <span class='ocrx_word' id='word_1_326' title='bbox 858 4558 928 4622; x_wconf 80' lang='grc' dir='ltr'><strong>εἶναι.</strong></span> <span class='ocrx_word' id='word_1_327' title='bbox 967 4563 1125 4634; x_wconf 85' lang='lat' dir='ltr'><strong>Stephanus</strong></span> <span class='ocrx_word' id='word_1_328' title='bbox 1153 4563 1306 4632; x_wconf 72' lang='lat' dir='ltr'><strong>Byzantius</strong></span> <span class='ocrx_word' id='word_1_329' title='bbox 1334 4579 1355 4616; x_wconf 93' lang='lat' dir='ltr'><strong>s.</strong></span> <span class='ocrx_word' id='word_1_330' title='bbox 1386 4580 1408 4614; x_wconf 84' lang='lat' dir='ltr'><strong>r.</strong></span> 
     </span>
    </p>
   </div>
   <div class='ocr_carea' id='block_1_6' title="bbox 0 0 1773 5310">
    <p class='ocr_par' dir='ltr' id='par_1_8' title="bbox 0 0 1773 5310">
     <span class='ocr_line' id='line_1_42' title="bbox 0 0 1773 5310; baseline 0 0"><span class='ocrx_word' id='word_1_331' title='bbox 0 0 1773 5310; x_wconf 95' lang='lat' dir='ltr'><strong> </strong></span> 
     </span>
    </p>
   </div>
  </div>
 </body>
</html>
