3442 5324
859 407 1065 508 A„

437 621 529 704 Quae
560 619 645 686 ratio
674 620 834 703 paulatim
863 627 931 688 tarn
959 621 1041 687 trita
1065 620 1145 704 fuit,
1177 629 1213 688 ut
1242 629 1360 705 poetae
1383 624 1506 706 tragici
1535 645 1571 690 ea

348 727 398 793 uti
426 747 490 794 non
514 728 717 811 dubitarent,
749 729 882 796 etiamsi
905 749 1065 811 personae
1088 731 1259 811 quaesitae
1289 732 1324 796 in
1352 751 1473 798 scaena
1501 732 1571 815 ipsa

347 843 568 904 versarentur.
613 837 815 921 Quamquam
840 837 926 904 enim
950 838 985 903 in
1008 838 1237 905 Heraclidis
1260 839 1372 905 Iolaus
1397 838 1430 905 in
1454 858 1570 905 scaena

346 943 520 1026 remansit,
556 950 666 1010 tamen
701 943 846 1027 armiger
877 943 971 1027 Hylli
1006 945 1063 1010 ubi
1098 944 1238 1027 primum
1273 945 1410 1012 advenit
1441 946 1569 1012 chomm

346 1051 429 1116 haec
452 1051 636 1134 intemogat
660 1049 703 1136 (v.
721 1050 906 1136 630-31):

562 1157 588 1231 ὦ
610 1163 717 1246 τέκνα,
740 1164 879 1256 χαίρετ’·
912 1164 1056 1244 Ἰόλεως
1079 1166 1120 1234 δέ
1143 1170 1219 1234 ποῦ
1241 1165 1363 1257 γέρων

562 1271 687 1363 μήτηρ
710 1298 751 1340 τε
774 1273 924 1364 πατρὸς
946 1273 1052 1363 τῆσδ’
1076 1271 1194 1364 ἕδρας
1216 1272 1454 1352 ἀποστατεῖς

437 1391 563 1475 Quibns
590 1391 700 1458 verbis
729 1392 879 1473 quamvis
906 1399 1039 1474 praeter
1065 1393 1192 1459 Iolaum
1216 1392 1407 1459 Alcmenam
1434 1391 1568 1472 requisi-

347 1498 443 1582 verit,
472 1498 535 1564 hac
558 1498 657 1580 plane
680 1498 832 1581 neglecta
855 1499 917 1580 illi,
942 1497 1063 1580 quippe
1087 1499 1143 1579 qui
1167 1498 1254 1565 forte
1277 1518 1430 1566 scaenam
1453 1504 1567 1580 teneat,

348 1606 411 1672 soli
442 1625 604 1688 exponere
635 1605 768 1688 incipit,
800 1625 860 1671 cur
889 1607 952 1672 huo
979 1606 1177 1688 pervenerit.
1225 1607 1271 1673 Ut
1301 1613 1409 1672 autern
1441 1613 1473 1672 et
1499 1606 1567 1688 ipsa

348 1715 498 1780 nuntium
530 1715 572 1780 ab
606 1712 770 1796 armigero
804 1713 899 1797 Hylli
932 1713 1070 1779 allatum
1103 1713 1231 1796 audiat,
1267 1713 1342 1780 fieri
1372 1732 1436 1780 non
1467 1717 1568 1794 potest

341 1821 427 1903 ,quin
450 1820 563 1887 Iolaus
588 1819 658 1903 ipse
680 1819 774 1886 illam
797 1820 849 1886 his
873 1821 984 1887 verbis
1009 1827 1123 1887 evocet
1146 1821 1190 1906 (ν.
1208 1819 1429 1906 642-43)1):

563 1927 590 2002 ὦ
612 1939 715 2026 μῆτερ
739 1933 864 2004 ἐσθλοῦ
887 1933 1020 2014 παιδός,
1043 1933 1222 2025 Ἀλκμήνην
1245 1934 1337 2021 λέγω,

561 2041 680 2128 ἔξελθ’,
705 2040 846 2110 ἄκουσον
868 2041 987 2111 τούσδε
1010 2041 1192 2132 φιλτάτους
1214 2041 1339 2129 λόγους.

436 2164 550 2244 Neque
575 2162 608 2227 in
629 2161 861 2227 Phoenissis
883 2161 1059 2246 Polynices
1083 2163 1212 2228 domum
1237 2163 1343 2244 ipsam
1367 2162 1402 2227 in
1418 2180 1483 2242 qua
1505 2180 1568 2226 ma·

348 2277 431 2337 trem
453 2271 561 2336 inesse
580 2270 708 2335 sciebat
731 2268 856 2351 introit,
881 2269 939 2334 sed
963 2275 1135 2351 postquam
1152 2271 1286 2336 chorum
1302 2269 1375 2351 quis
1399 2270 1471 2350 ipse
1486 2273 1568 2334 esset

348 2377 522 2444 certiorem
546 2375 636 2458 fecit,
661 2375 787 2442 intrare
812 2381 971 2458 moratur,
1001 2376 1103 2442 donec
1126 2377 1244 2442 chorus
1272 2377 1437 2442 Iocastarn
1461 2382 1568 2442 evocet

348 2483 502 2570 (1.296).
558 2483 589 2550 U
638 2487 748 2548 autem
782 2501 840 2548 suo
876 2482 947 2548 iure
983 2482 1017 2548 in
1051 2501 1173 2550 scaena
1206 2503 1375 2549 remanere
1409 2482 1566 2562 videatur,

348 2590 508 2674 supplicis
532 2589 641 2655 instar
668 2589 702 2654 in
726 2608 786 2655 ara
809 2589 851 2654 ad
874 2589 999 2672 regiam
1024 2589 1134 2672 posita
1158 2589 1300 2655 considit
1327 2589 1370 2676 (v.
1389 2587 1565 2670 272-7ol:

561 2702 715 2771 πέποιθα
737 2702 850 2788 μέντοι
873 2705 975 2794 μητρὶ
997 2702 1057 2771 κού
1079 2702 1219 2772 πέποιθ’
1242 2702 1323 2789 ἅμα,

562 2809 634 2900 ἣτις
656 2809 690 2895 μ’
714 2809 826 2877 ἔπεισε
849 2809 942 2900 δεῦρ’
965 2809 1177 2878 ὑπόσπονδον
1199 2813 1322 2896 μολεῖν.

561 2915 632 2984 ἀλλ’
655 2916 747 3004 ἐγγὺς
769 2915 868 3008 α’λιιὴ·
899 2915 1045 3003 βώμιοι
1067 2917 1138 3007 γὰρ
1163 2916 1327 3008 ἐσχάραι

561 3023 684 3102 πέλας
706 3024 880 3114 πάρεισι.

437 3145 549 3226 Neque
580 3143 647 3210 alio
671 3144 765 3210 modo
789 3143 967 3226 Euripides
992 3143 1129 3226 impedit
1156 3142 1328 3225 quominus
1357 3143 1391 3207 in
1415 3143 1567 3208 Hecuba

348 3251 474 3318 famula
498 3252 538 3318 de
562 3269 621 3317 ora
644 3250 811 3316 maritima
834 3270 907 3316 cum
930 3250 1088 3335 Polydori
1111 3269 1248 3332 corpore
1270 3269 1405 3316 reversa
1434 3249 1476 3336 (v.
1494 3247 1567 3332 651)

348 3367 381 3426 et
424 3358 458 3426 in
501 3358 714 3442 Iphigenia
752 3358 924 3424 Taurica
967 3358 1102 3424 nuntius
1146 3358 1203 3424 ille
1246 3357 1389 3424 Thoanti
1428 3357 1567 3424 Graecos

349 3465 505 3550 effugisse
527 3465 693 3531 relaturus
717 3464 879 3552 (v'.1284)
904 3466 1034 3533 domum
1058 3465 1233 3532 introeant.

437 3574 678 3654 Nonnunquam
702 3579 810 3638 autem
834 3592 994 3655 personae
1018 3572 1230 3639 advenientes
1254 3574 1387 3638 chorum
1412 3571 1469 3638 uix
1492 3569 1568 3636 allo·

351 3687 446 3748 outae
462 3688 547 3764 sunt,
569 3699 640 3747 cum
665 3679 729 3746 illi
745 3699 838 3761 quos
855 3680 1138 3761 quaesiverunt
1153 3680 1232 3763 ipsi
1249 3682 1355 3747 domo
1372 3680 1565 3762 prodeunt.

438 3789 477 3855 In
506 3789 724 3873 Hippolyto
756 3787 856 3871 enim,
887 3788 963 3854 dnm
985 3789 1120 3855 nuntius
1144 3789 1277 3854 chorum
1307 3789 1368 3853 hoc
1392 3787 1495 3852 solnm
1523 3784 1566 3848 in-

348 3903 498 3980 terrogat
520 3897 564 3982 (v.
585 3895 788 3982 1153—54):

615 4008 677 4070 ποῖ
698 4006 756 4092 γῆς
778 3999 903 4069 ἄνακτα
925 4005 1025 4092 τῆσδε
1051 4000 1163 4091 Θησέα
1185 3999 1296 4087 μολιὺν

617 4108 743 4200 εὕροιμ’
766 4107 817 4190 ἄν,
841 4103 868 4176 ὦ
891 4116 1058 4195 γυναῖκεςς

348 4239 408 4285 rex
432 4219 503 4301 ipse
526 4226 665 4300 apparet
688 4218 745 4305 (cf.
770 4219 936 4305 ν.1156);

616 4324 665 4392 ὅδ’
688 4324 788 4403 αὐτὸς
811 4323 873 4410 ἐξω
897 4323 1059 4410 δωμάτων
1082 4324 1270 4415 πορεύεται.

350 4455 434 4462 μ*-

442 4524 460 4592 ¹)
480 4521 583 4577 Eadem
616 4525 688 4576 ratio
717 4525 800 4576 etiam
830 4539 846 4574 a
872 4523 1036 4590 Sophocle
1062 4522 1207 4578 adhibetur
1231 4523 1343 4590 Antig.
1367 4521 1435 4575 1155
1458 4525 1486 4574 et
1505 4515 1566 4572 1183

350 4613 398 4682 (cl.
417 4628 442 4680 p.
457 4615 511 4680 41).
