3452 5316
658 437 863 536 Ah.-

147 651 305 715 accedant
333 651 376 714 ad
399 649 659 730 procreationem
688 651 876 714 infantium.
925 648 1072 714 Similem
1102 649 1297 713 sententiam
1322 668 1373 713 re-

146 757 290 838 perimus
332 758 420 838 apud
459 756 637 836 Plotinum,
687 775 881 836 quamquam
921 755 975 820 liic
1013 755 1136 820 dieitur
1173 756 1373 836 pravitatem

144 863 248 928 multa
272 883 388 946 parere
412 865 498 928 bona
522 864 710 928 reddentem
734 864 861 928 animos
884 862 1075 944 vigilantes.

145 989 198 1069 34,
217 1017 242 1057 ιι
275 989 344 1053 Καὶ
375 984 452 1053 οὐδὲ
481 991 585 1053 ταῦτα
614 1012 732 1053 πανιε-
787 987 840 1052 III
869 989 930 1068 Ze
974 987 1043 1052 Καὶ
1082 983 1142 1051 οὐκ
1180 983 1298 1074 α’χρεῖα
1336 984 1374 1052 δὲ

190 1095 255 1170 lag
275 1091 423 1182 ἄχρηστα
438 1099 485 1180 τῷ
501 1095 618 1162 παντί.
647 1093 732 1180 ἐλεγ-
833 1091 909 1159 οὐδὲ
940 1097 1045 1159 ταῦτα
1080 1090 1294 1160 παντάπασιν
1325 1091 1373 1170 εἰς

190 1226 247 1282 γος
282 1198 343 1291 γὰρ
378 1199 558 1278 ἀκολασίας
590 1203 732 1287 γίγνεται

191 1310 246 1374 καὶ
270 1308 415 1396 ἐγείρει
444 1310 499 1375 καὶ
523 1307 732 1397 ἐγρηγορέναι

190 1413 267 1492 τοὺς
290 1413 409 1493 ἄλλους
432 1413 625 1482 ἀναπείθει.

833 1198 987 1285 σύνταξιν
1033 1201 1088 1266 καὶ
1135 1199 1373 1288 συμπλήρωσιν

831 1312 890 1373 τοῦ
914 1307 992 1372 ίίλοο
1112 1306 1251 1396 καὶγὰρ
1281 1306 1373 1395 ἐγρη-

831 1413 969 1504 γορότας
988 1413 1124 1502 ἐποίησε
1147 1415 1202 1480 καὶ
1219 1417 1296 1480 νοῦν
1318 1416 1373 1480 καὶ

832 1520 965 1588 σύνεσιν
988 1521 1143 1609 ἐγείρει.

237 1667 327 1750 Quae
352 1687 424 1733 cnm
448 1667 498 1732 ita
521 1668 597 1747 sint,
622 1666 783 1731 neminem
807 1667 1070 1748 vituperatorem
1095 1685 1166 1732 esse
1190 1667 1284 1732 deum
1308 1665 1373 1732 nisi

143 1775 291 1840 stultum.

60 1940 66 1953 ,
143 1883 199 1962 34,
218 1913 245 1950 ιιι
291 1871 394 1958 Οὗτος
428 1885 485 1968 τῆς
520 1881 680 1969 προνοίας
715 1879 732 1944 ὁ
788 1881 839 1945 ΠΙ
868 1883 897 1962 2,
921 1914 945 1950 11
993 1878 1097 1956 οὕτως
1128 1877 1198 1946 oa'd‘
1230 1879 1247 1944 d
1281 1879 1374 1966 λόγος

191 1987 295 2074 λίνγος,
335 1987 371 2053 ὃν
410 1986 520 2064 οὐδεὶς
553 1987 732 2076 μὲμιγειαι,

191 2094 276 2183 πλὴν
304 2093 420 2184 α’λογίᾳ
452 2093 629 2183 χρώμενος,
661 2093 732 2160 dio-

191 2227 273 2290 περ
315 2200 357 2268 οἱ
395 2205 472 2290 τῆς
506 2207 733 2291 γραφικῆς

191 2307 369 2398 ἄπειροι,
399 2313 436 2376 ολ
454 2307 495 2374 τὰ
518 2309 653 2375 ποικίλα
677 2310 731 2374 καὶ

191 2415 345 2504 γλαφυρὰ
382 2418 437 2482 καί
481 2417 637 2503 χαρίεντα
675 2421 733 2504 τῆς

190 2521 306 2611 τέχνης
328 2523 526 2605 κακίζουσιν.

832 1985 941 2052 πάνια
973 1985 1073 2064 θεοὺς
1102 1985 1280 2076 εἰργάζετο,

831 2092 871 2159 ου’
902 2093 1032 2182 ιγίλόνρι,
1068 2092 1151 2160 ἀλλὰ
1182 2092 1265 2180 λόγῳ
1300 2120 1375 2162 ποι·

832 2201 940 2267 κιλίαν
970 2198 1088 2289 νοερὰν
1118 2199 1236 2282 ἔχοντι,
1281 2200 1375 2290 ἡμεῖς

832 2307 884 2384 de',
930 2305 1071 2398 ὥσπερ
1116 2306 1154 2374 οἱ
1200 2306 1374 2397 ίίπειρσι

832 2419 1026 2505 γραφικῆς
1051 2414 1166 2503 τέχνης
1189 2414 1373 2495 αἰτιῶνται,

833 2521 877 2599 ιῠς
917 2521 956 2590 οὐ
1001 2521 1085 2588 καλὰ
1131 2520 1171 2587 ιὰ
1215 2520 1375 2610 χρώματα

832 2635 1087 2710 πανταχοῦ

236 2757 387 2822 Tacendo
427 2757 672 2837 Theophrastus
719 2776 753 2822 se
800 2756 985 2821 convictum
1032 2756 1219 2837 confitetur,
1267 2756 1374 2821 nescit

143 2871 269 2944 autem,
301 2865 459 2943 quomodo
484 2863 557 2944 fiat,
587 2871 623 2927 ut
651 2870 701 2928 tot
724 2863 870 2928 homines
900 2865 942 2928 ad
966 2869 1145 2928 extremam
1174 2868 1373 2928 senectutem

143 2970 290 3052 veniant,
323 2971 383 3034 alii
414 2976 523 3035 antem
547 2970 605 3036 vix
630 2971 699 3036 nati
729 2970 795 3035 iam
819 2970 917 3035 morti
942 2973 1163 3035 succumbant.
1212 2971 1263 3034 Ad
1293 2969 1374 3034 haec

144 3078 331 3143 Euxitlreus
364 3097 436 3142 cum
467 3078 627 3159 plurimas
660 3097 777 3143 causas
810 3084 878 3142 tum
911 3077 944 3141 in
976 3078 1116 3142 medium
1148 3077 1278 3158 profert
1307 3076 1374 3142 iam

144 3184 377 3250 brevissimum
406 3184 499 3250 vitae
530 3186 672 3265 spatium
702 3185 879 3266 plurimum
911 3184 1032 3265 valere,
1064 3183 1142 3263 quia
1166 3183 1277 3248 anima
1307 3183 1373 3247 iam

144 3291 322 3356 coniuncta
353 3310 425 3357 cnm
456 3291 588 3356 mortali
623 3310 760 3373 corpore
791 3291 958 3356 meliorem
989 3310 1061 3355 esse
1093 3290 1374 3356 immortalitatem

146 3399 352 3479 cognoverit.
399 3399 529 3465 Similia
552 3397 762 3480 reperiuntur
785 3398 872 3480 apud
895 3398 1080 3462 Plotinum:

145 3523 229 3604 35,a
261 3524 316 3588 καί
341 3521 582 3611 προσεκὲριλανε
600 3527 659 3611 τῆς
682 3546 731 3606 γε·
787 3523 833 3588 IV
859 3523 913 3604 8,ι
947 3520 1054 3598 ἄλλοις
1084 3547 1120 3587 τε
1149 3523 1205 3588 καὶ
1235 3519 1375 3588 δυνατὸν

192 3628 311 3705 νέσεοις
342 3627 399 3718 τὴν
429 3636 549 3718 πεῖρα-ν
590 3630 654 3695 καὶ
689 3634 733 3717 τῇ

191 3735 419 3825 παραθέσει
442 3741 502 3802 σοῦ
517 3740 644 3824 θνητοῦ
670 3733 732 3802 oni·

191 3869 297 3927 ματος
326 3843 363 3908 πὸ
396 3841 566 3910 σ’ίλάνατσν
599 3841 734 3927 ἄμεινον

833 3625 869 3693 ὃν
907 3626 1008 3695 πάλιν
1053 3627 1251 3713 ἐξαναδῦσαι
1289 3627 1375 3696 ioco·

833 3736 909 3823 ρίαν
951 3726 996 3801 ὧν
1040 3734 1188 3803 ἐνταῦθα
1230 3729 1299 3802 εἶδέ
1339 3761 1375 3802 τε

832 3844 886 3909 καί
915 3841 1025 3909 ἔπαθε
1055 3841 1291 3930 προσλαβούσγγ
1319 3844 1374 3909 καὶ

191 3949 283 4036 ἔγνω.
831 3948 1005 4038 μαθούσῃ,
1056 3943 1126 4016 οἷον
1172 3947 1238 4038 ἄρα
1285 3947 1375 4016 ἐστὶν

833 4057 898 4124 ἐκεῖ
922 4051 1008 4124 εἶναι
1035 4059 1099 4124 καὶ
1127 4061 1171 4144 τῇ
1195 4055 1374 4143 παραθέ-

833 4188 894 4231 σει
917 4169 983 4230 ιιῦν
999 4157 1070 4231 οἷον
1090 4163 1247 4231 ἐναντίων
1271 4163 1374 4253 σαφέ-

833 4296 949 4361 σίἐρον
978 4269 1019 4336 τὰ
1049 4269 1172 4355 α’μείνω
1205 4268 1374 4358 μαθούσῃ.

237 4399 309 4464 Hae
340 4404 417 4463 sunt
446 4398 694 4481 similitudines
727 4416 810 4479 qnae
841 4398 928 4464 inter
959 4399 1091 4463 Aeneae
1122 4405 1155 4463 et
1177 4397 1305 4463 Plotini
1335 4400 1375 4463 dc

147 4506 358 4587 providentia
382 4506 434 4570 dei
460 4515 592 4571 exstant
617 4507 807 4572 sententias.
846 4506 1036 4572 Permultae
1061 4512 1168 4571 autem
1204 4505 1304 4570 etiam
1341 4505 1375 4570 in

148 4613 277 4693 reliqua
311 4613 437 4694 dialogi
465 4620 559 4695 parte
590 4613 759 4694 dispersae
789 4614 1009 4695 reperiuntur.
1065 4614 1193 4678 Aeneas
1221 4611 1374 4678 refutans
