3522 5310
827 219 1138 350 *eg

340 447 419 540 vquis
458 445 660 530 temporibus
700 444 836 511 consilio
876 446 1082 531 emendatum
1125 456 1175 510 est
1212 448 1385 537 Λέανδρος,
1432 444 1520 531 quod

346 574 464 616 nomen
500 552 590 617 haud
621 555 768 638 ignotum
798 551 875 617 alibi
906 574 1037 640 quoque
1068 555 1219 618 occurrit.
1266 551 1380 616 Habes
1412 553 1520 616 Herus

348 659 439 725 illum
474 670 662 745 amatorem,
699 659 797 725 alium
833 662 980 725 invenies
1012 659 1100 747 apud
1132 658 1342 724 Plutarchum
1371 660 1412 724 de
1443 657 1519 723 mul.

347 770 455 832 virtut.
496 768 562 833 256
600 771 627 837 Ε
665 776 697 831 οι
734 769 768 832 in
811 769 1024 855 inscriptione
1063 766 1246 854 Cyrenaica
1285 765 1363 833 ClC
1400 767 1451 831 III
1489 789 1520 832 n.

348 874 446 954 5353,
470 879 640 966 Λεάνδριον
663 897 741 939 vero
766 875 886 939 frustra
903 897 1052 962 quaeres,
1100 875 1228 939 Nomen
1248 873 1392 940 Leandri
1407 897 1522 940 recen-

348 985 448 1047 tiores
484 1004 613 1069 quoque
649 984 801 1069 scriptori
836 981 1040 1047 reddendum
1075 993 1290 1065 censuerunt,
1330 982 1522 1048 Holstenius

349 1090 391 1154 ad
408 1089 610 1176 Stephanum
623 1090 818 1176 Byzantium
835 1113 866 1175 p.
891 1089 957 1155 334
974 1099 1006 1153 et
1017 1090 1052 1154 L.
1066 1089 1211 1155 Dindorf
1219 1090 1307 1176 opud
1321 1089 1522 1154 Clementem

348 1195 608 1262 Alexandrinum
648 1197 765 1262 Strom.
806 1196 864 1261 VI.
907 1219 937 1282 p.
972 1197 1036 1261 257
1073 1195 1164 1284 sylb,
1204 1203 1426 1290 Μελησαγόρου
1463 1205 1523 1288 γὰρ

351 1309 478 1397 ἔκλεψεν
501 1309 633 1396 Γοργίας
667 1309 683 1372 ὁ
706 1309 868 1386 Λεοντῖνος
897 1311 949 1374 καὶ
982 1309 1126 1396 Εὔδημος
1149 1313 1165 1374 ὁ
1190 1311 1303 1387 Νάξιος
1327 1311 1354 1376 οἱ
1378 1311 1525 1397 ἱστορικοὶ

349 1421 401 1482 καὶ
413 1419 459 1482 ee
470 1417 588 1494 τούτοις
600 1417 616 1480 ὁ
629 1416 849 1504 Προκοννήσιος
860 1418 948 1494 Βίων,
975 1415 1069 1494 ὅςκαὶ
1091 1419 1133 1480 τὰ
1157 1413 1290 1506 Κάδμου
1307 1425 1363 1482 τοῦ
1392 1420 1523 1482 παλαιοῦ

352 1526 540 1614 μετέγραψεν
573 1523 842 1613 κεραλαιούμενος,
862 1524 1054 1612 Ἀμφίλοχός
1087 1545 1122 1587 τε
1154 1528 1205 1590 καὶ
1235 1525 1439 1613 Ἀριστοκλῆς
1473 1527 1525 1591 καὶ

351 1633 519 1718 Λεάνδριος
541 1633 592 1696 καὶ
609 1629 814 1720 Ἀναξιμένης.
841 1681 846 1690 .
874 1677 881 1693 .
908 1675 914 1689 .
940 1627 1013 1708 Quo
1038 1629 1125 1694 facto
1150 1642 1184 1694 ut
1201 1649 1292 1692 error
1308 1630 1528 1714 corrigeretur

353 1744 478 1800 tantum
501 1734 623 1816 aberat,
648 1744 683 1799 ut
705 1735 808 1798 maior
832 1737 1015 1801 exsisteret.

446 1877 618 1959 Quomodo
650 1887 758 1942 autem
790 1877 862 1942 fieri
892 1879 1005 1964 potuit,
1040 1889 1076 1943 ut
1102 1880 1136 1943 in
1163 1888 1210 1943 tot
1240 1876 1331 1944 locos
1362 1877 1460 1943 alium
1486 1901 1527 1942 ex

357 1983 420 2051 alio
451 2008 517 2050 non
548 1985 729 2071 pendentes
765 1983 870 2050 falsae
902 1987 1042 2050 nominis
1070 1986 1195 2051 formae
1226 1986 1431 2073 irreperent?
1483 1987 1528 2051 Ut

359 2102 449 2159 recte
480 2091 726 2174 concludamus,
756 2113 871 2156 omnes
895 2091 995 2176 locos,
1026 2093 1146 2180 quibus
1178 2093 1231 2158 hio
1256 2116 1365 2158 rerum
1390 2095 1530 2179 scriptor

359 2203 558 2284 nominatur,
583 2200 644 2266 sub
669 2222 734 2265 uno
760 2210 939 2286 conspectu
963 2187 1140 2286 ponamus:

560 2333 746 2419 Μαιάνδριος
948 2325 1076 2390 Titulus
1101 2327 1289 2390 Prienensis

946 2432 1064 2499 Strabo
1088 2432 1158 2499 XII
1175 2455 1204 2518 p.
1230 2433 1295 2498 552

949 2539 1057 2606 Schol.
1084 2539 1191 2626 Apoll.
1216 2539 1319 2605 Rhod.
1345 2540 1361 2605 1
1386 2541 1472 2605 1126

946 2647 1135 2713 Macrobius
1161 2647 1290 2720 Satura.
1315 2649 1332 2712 Ι
1358 2649 1396 2712 17

885 2754 928 2840 (l)
948 2755 1062 2820 Athen.
1087 2756 1120 2818 X
1144 2779 1173 2841 p.
1198 2754 1298 2820 4545.

565 2887 734 2974 Λεάνδριος
950 2879 1056 2946 Schol.
1081 2879 1187 2966 Apoll.
1214 2878 1318 2944 Rhod.
1344 2879 1377 2944 ΙΙ
1401 2881 1464 2943 711

950 2989 1047 3072 Diog.
1073 2989 1179 3053 Laert.
1206 2986 1222 3051 Ι
1247 2988 1289 3052 28

951 3144 1053 3250 Cldm.
1079 3143 1174 3249 Alex.
1200 3093 1360 3270 drdtlrept.
1379 3206 1410 3268 p.
1438 3182 1535 3264 13,28

1000 3342 1015 3372 ,,
1128 3341 1144 3373 ,,
1204 3291 1321 3356 Strom.
1345 3289 1401 3377 VI·
1414 3313 1445 3377 p.
1470 3289 1534 3354 267

952 3399 1117 3464 Arnobius
1142 3397 1216 3463 adv.
1241 3400 1362 3464 nation.
1386 3398 1436 3463 VI
1459 3397 1480 3462 6

857 3595 862 3604 ,
951 3525 1060 3591 Schol.
1086 3523 1251 3611 Aristoph.
1275 3523 1352 3589 Pac.
1378 3522 1443 3589 363

953 3633 1062 3699 Sohol.
1087 3631 1195 3719 Apoll.
1220 3631 1323 3696 Rhod.
1347 3630 1381 3695 II
1406 3631 1470 3696 706

952 3741 1060 3807 Schol.
1086 3741 1182 3805 Hom,
1208 3738 1333 3825 Odyss.
1358 3737 1411 3803 ΙΙΙ
1435 3738 1497 3802 341

952 3848 1054 3916 Clem.
1079 3847 1174 3914 Alex.
1201 3847 1319 3912 Strom.
1337 3845 1352 3910 I
1368 3870 1398 3932 p.
1419 3845 1538 3922 laena

367 4089 468 4142 addam
497 4085 690 4141 Maeandrium
717 4083 880 4138 archontem
910 4083 1075 4151 Cyzicenum
1106 4079 1330 4149 (Dittenbergan
1357 4076 1425 4146 Syll.
1452 4076 1539 4130 lnser.

368 4177 484 4233 Gracc.²
513 4175 563 4229 No.
591 4174 644 4226 464
668 4172 695 4226 ll
718 4191 744 4242 p.
765 4172 807 4225 72.
840 4173 937 4236 Oscor,
968 4171 1068 4224 Delect
1104 4170 1183 4222 Inscr
1220 4167 1336 4222 Gracc.2
1363 4185 1389 4236 p.
1418 4165 1482 4227 320)
1511 4166 1541 4218 et

368 4261 766 4334 Maeandrium’Apraprddpou
777 4264 824 4332 qui
835 4263 995 4332 Magnesiae
1006 4262 1041 4314 ad
1053 4260 1236 4314 Maeandrum
1246 4258 1390 4312 decretum
1400 4255 1540 4324 quoddam

368 4360 396 4413 in
424 4358 521 4426 templi
551 4356 679 4410 columna
706 4354 848 4423 inscripsit
876 4353 919 4420 (O.
951 4353 1033 4410 Kern.
1062 4348 1203 4404 Inschrift.
1233 4367 1257 4400 ν.
1282 4347 1427 4414 Magnesia
1454 4364 1481 4415 p.
1505 4343 1541 4397 85

369 4469 395 4503 n.
417 4447 476 4501 100.
516 4446 716 4515 Dittenberger
745 4445 761 4498 l.
782 4444 798 4497 l.
819 4463 836 4496 n
865 4443 963 4504 55293
990 4440 1018 4494 11
1047 4459 1073 4510 p.
1103 4439 1166 4506 245)
1195 4441 1224 4492 et
1247 4436 1438 4492 Maeandrium
1467 4433 1541 4504 apud

370 4539 530 4595 Ciceronem
549 4553 599 4606 pro
618 4536 717 4590 Flacco
735 4535 778 4588 22.
