3452 5316
741 397 784 462 43

258 608 340 686 Τοὺς
366 613 421 675 νῦν
444 611 498 676 καί,
521 607 598 687 τοὺς
622 608 754 697 πρόσθε
777 609 1001 698 παρέδραμεν,
1026 610 1070 688 ιδς
1093 610 1168 677 τάδε
1192 610 1328 701 γράμμα

253 715 428 806 Ἀτρεκὲως
451 714 562 806 ἤλεγξε
584 716 700 807 μηκέτι
723 716 843 808 πυκινὴ
854 718 889 805 1).

254 821 347 905 Γάζα
370 821 454 909 μέγα
477 823 643 913 φρουὲσις,
667 822 719 891 ὅτι
742 824 835 891 τοιόυ
858 827 981 914 πατρίς
1004 823 1158 914 ἐτάχθης,

246 929 359 1009 Ὅστις
381 933 437 998 καὶ
460 930 573 1022 ῥητῆρ’
595 930 788 1022 Ἐπιφάνιον
812 932 1008 1022 ἐξεδίδαξεν.

235 1057 420 1139 Sequuntur
448 1058 573 1140 dialogi
601 1059 756 1126 lemmata
783 1078 909 1126 novem.
956 1060 1054 1126 Folia
1078 1061 1152 1142 330,
1171 1062 1233 1126 331
1266 1061 1373 1126 altera

144 1185 244 1231 manu
268 1185 332 1231 non
348 1166 450 1232 multo
466 1167 649 1232 recentiore
673 1166 826 1249 suppleta
849 1175 926 1234 sunt
940 1168 1012 1234 loco
1038 1167 1112 1234 folii
1136 1167 1232 1233 unius
1249 1169 1372 1233 codicis

141 1273 268 1339 vetusti
292 1271 334 1357 (p.
353 1273 431 1355 46„
456 1268 628 1338 άοάνατον
649 1311 690 1320 -
712 1273 791 1356 52,ι
817 1270 942 1361 αι’τὴν).
987 1274 1126 1342 Praeter
1149 1275 1234 1340 hanc
1257 1294 1372 1340 manus

143 1379 326 1446 correctrix
357 1379 503 1446 cernitur
530 1379 637 1446 altera
670 1381 814 1446 eiusdem
839 1380 910 1446 fere
933 1381 1104 1464 temporis,
1133 1401 1216 1462 quae
1240 1401 1299 1447 usa
1323 1388 1373 1447 est

142 1492 329 1552 atramento
355 1487 456 1552 fusco.
505 1487 645 1553 Contuli.

235 1631 265 1694 2.
298 1630 408 1696 Codex
431 1629 630 1697 llarclanus
659 1632 723 1696 496
735 1630 773 1715 2γ,
805 1631 882 1696 olim
907 1633 1116 1698 Bessarionis
1140 1632 1186 1718 (=
1203 1633 1245 1719 V)
1274 1652 1372 1698 mem-

142 1740 328 1802 branaceus
371 1737 497 1802 formae
536 1743 673 1817 quartae
714 1738 851 1803 maioris
893 1739 1016 1804 saeculi
1058 1740 1176 1805 decimi
1219 1747 1276 1806 aut
1315 1760 1372 1805 un-

142 1843 274 1908 decimi.
322 1844 476 1910 Continet
499 1844 555 1909 fol.
583 1846 628 1908 1ιι
662 1847 722 1909 τοῦ
746 1843 780 1909 ἐν
804 1841 910 1929 άγίοις
934 1842 1060 1933 πατρὸς
1084 1843 1175 1934 ἡμῶν
1198 1847 1372 1934 γρηγορίυυ

143 1947 331 2016 ἐπισκόπου
354 1948 455 2037 νύσης
477 1947 562 2039 τιρίις
584 1949 626 2017 τά
650 1947 870 2039 άπολιναρίου
894 1949 1132 2041 άντιρριγτικός.
1182 1956 1204 2019 f.
1228 1953 1296 2020 29¹)
1320 1952 1372 2020 ου’·-

144 2057 261 2143 σεβίσυ
284 2062 343 2122 τοῦ
370 2057 546 2146 τταμφίλου
569 2061 635 2123 τῶν
658 2055 741 2124 κατὰ
765 2057 964 2146 Μαρκέλλου
992 2064 1052 2125 τοῦ
1074 2057 1218 2148 άγκύρας
1242 2061 1373 2128 ἐπισκά-

142 2189 212 2230 mov
237 2162 330 2248 λόγος
353 2168 384 2232 ά.
432 2165 455 2230 ί.
473 2167 543 2232 48⁵
573 2169 620 2230 τιῦ
650 2163 840 2248 τιμιωτάτω
868 2166 923 2232 καὶ
951 2163 1111 2256 άγαττητῶ
1135 2169 1373 2257 συλλειτουργῶ

143 2271 316 2361 optunditur
345 2269 494 2357 εὐσέβιος
522 2271 557 2338 ἐν
579 2272 682 2361 κυρίιο
706 2272 844 2362 χαίρειν.
892 2274 915 2338 f.
934 2276 1003 2339 92³
1031 2271 1201 2352 διάλεκτος
1224 2272 1372 2359 α’δαμαν-

143 2379 220 2446 τίου
258 2384 318 2445 τοῦ
350 2381 405 2446 καὶ
445 2377 620 2466 ιδριγένους
658 2381 737 2468 περὶ
771 2385 829 2467 τῆς
864 2379 912 2456 είς
949 2378 1032 2448 θεὸν
1071 2379 1177 2470 (lotide
1215 2382 1369 2459 πίστεως.

144 2489 168 2554 f.
191 2486 280 2553 125¹)
312 2486 471 2574 ζαχαρίου
494 2484 673 2574 μιτυλὴνης
701 2484 718 2552 ὁ
743 2485 894 2572 διάλογος
921 2485 1093 2572 άμμιδνιος
1121 2485 1171 2554 ὅτι
1196 2487 1236 2554 οὐ
1259 2489 1371 2556 συναΐ-

143 2598 219 2672 διος
242 2599 287 2660 τῶ
310 2599 381 2661 θεῶ
404 2593 421 2658 δ
445 2592 577 2678 κόσμος.
624 2595 757 2660 t'.143⁵
782 2593 908 2660 αἰγείου
933 2599 1096 2684 σοφιστοῦ
1119 2593 1271 2680 διάλογος
1294 2595 1371 2664 δεό-

144 2726 297 2792 φραστος
325 2699 376 2768 du
400 2699 458 2768 οὐκ
486 2699 576 2768 ε”στιν
599 2699 790 2790 ἀνθρώπων
818 2698 979 2791 coclitem}
1003 2703 1058 2768 καί
1081 2699 1133 2769 ὅτι
1157 2699 1327 2781 declaratos·
1351 2701 1371 2792 ἡ

146 2807 250 2897 φυγὴ.
298 2809 320 2874 ί.
340 2807 430 2875 160b
453 2807 619 2897 θεοφίλου
642 2807 727 2898 πρὸς
751 2806 938 2874 αι’τὸλυκον.

236 2917 338 3000 Quem
362 2917 506 2982 codicem
530 2918 612 2982 duae
637 2922 850 2982 correxerunt
876 2935 991 2982 manus
1016 2923 1198 2983 atramento
1224 2918 1315 2984 fusco
1341 2925 1373 2984 et

143 3026 303 3106 subnigro
329 3043 416 3090 usae.
464 3024 604 3090 Contuli.

235 3133 359 3198 Eadem
396 3151 497 3213 opera
534 3139 631 3211 atque
667 3133 769 3196 codex
799 3131 989 3196 Marcianus
1026 3132 1223 3214 scriptorum
1258 3133 1371 3199 ordine

143 3247 277 3307 servato
301 3247 433 3321 praeter
457 3239 715 3305 Antirrheticum
741 3238 896 3321 Gregorii
919 3239 1063 3322 Nysseni
1087 3240 1233 3306 continet

236 3385 266 3449 3.
299 3385 401 3449 codex
432 3381 647 3450 (lxonleusls
676 3383 895 3450 Bodleianus
925 3383 975 3468 (=
993 3381 1037 3468 Ο)
1070 3383 1301 3450 llisoellaneus
1330 3385 1372 3449 25

143 3492 238 3576 (olim
262 3489 359 3575 1040)
384 3491 576 3556 chartaceus
586 3488 611 3575 ³)
639 3490 780 3556 infolio
806 3490 838 3554 ff.
865 3491 938 3556 286.
974 3489 1098 3556 saeculi
1134 3490 1253 3557 decimi
1286 3491 1372 3557 sexti

144 3599 255 3687 [Auci.
278 3599 308 3663 Ε
335 3596 416 3684 1,ιι]
464 3596 487 3661 ί.
522 3599 586 3662 213
620 3595 758 3662 Αἰνείου
783 3601 945 3685 σοφιστοῦ
973 3593 1125 3680 διάλογος
1147 3594 1371 3686 θεόφραστος,

143 3704 196 3773 ίίτι
221 3703 279 3771 οὐκ
303 3701 392 3771 ἔστιν
416 3701 605 3791 ἀνθρώπιον
629 3701 798 3792 ττροβιωτῆ
822 3705 878 3770 καί
901 3701 953 3770 ὅτι
976 3701 1149 3780 άδάνατος
1173 3702 1193 3793 ἦ
1220 3702 1320 3794 ψυχή.

236 3814 337 3898 Quem
377 3812 521 3879 codicem
561 3833 578 3878 e
613 3813 725 3878 codice
763 3812 932 3878 Marciano
972 3812 1157 3880 derivatum
1196 3831 1267 3879 esse
1306 3814 1371 3879 iam

142 3923 418 3988 Klostermannus
443 3921 477 3985 in
501 3919 655 4002 Eusebia
690 3919 767 3986 Otto
791 3919 826 3984 io
851 3919 1032 4001 Tlreophilo
1065 3921 1372 3986 demonstraverunt

144 4031 360 4110 firmaturque
390 4028 486 4110 locis,
523 4047 604 4109 quos
634 4027 714 4092 mihi
745 4027 889 4094 Ricardo
913 4028 1088 4094 Focrstero
1120 4034 1255 4094 auctore
1278 4028 1317 4093 A.
1332 4029 1369 4093 Β.

145 4176 296 4184 ...μ-
302 4176 355 4181 --

236 4243 255 4310 ¹)
276 4242 306 4296 Ε.
322 4241 415 4296 Rohde
435 4241 519 4311 (Seitz
539 4241 598 4308 ll.)
619 4243 735 4296 coniecit
754 4237 848 4313 ἤλεγξε
867 4243 990 4310 noradin
1008 4240 1099 4313 μήτιδι
1120 4240 1218 4311 πυκνῇ,

235 4332 255 4400 ²)
275 4332 395 4401 Zanctti,
415 4333 520 4386 Graeca
540 4331 571 4385 D.
586 4331 671 4386 Marci
690 4331 754 4387 bibl.
770 4331 827 4386 cod.
841 4347 904 4386 mss,
921 4332 997 4386 1740.
1024 4332 1055 4384 Ε.
1068 4331 1272 4398 Klostermann‚
1286 4331 1371 4386 Euse-

144 4422 205 4476 bius
225 4421 265 4478 IV
284 4421 358 4489 Lips.
378 4422 448 4476 1906
470 4437 494 4489 p.
510 4421 575 4475 XVI
593 4421 635 4474 33.

233 4511 255 4580 ⁸)
275 4510 362 4566 Catal.
383 4511 447 4567 Cod.
462 4511 526 4567 llas.
547 4510 610 4566 bibl.
631 4510 797 4565 Bodleianae
816 4511 837 4564 l.
858 4510 891 4567 H.
903 4511 933 4567 0.
948 4511 1026 4566 Ooxe.
1042 4511 1128 4564 tlxon.
1144 4509 1220 4565 1855.
1247 4509 1372 4564 Kloster·

144 4616 227 4655 mann
246 4601 295 4658 l.l.
