3442 5324
867 423 1077 523 „u-

450 633 495 700 At
518 652 590 701 cum
618 633 691 700 fieri
713 654 778 702 non
801 643 926 719 posset,
955 643 993 703 ut
1015 655 1135 704 scaena
1163 637 1205 702 ad
1228 635 1347 702 Thesei
1375 635 1500 718 regiam
1527 637 1576 701 dc-

361 741 517 824 ferrctur,
549 741 603 808 hic
631 748 738 808 autem
762 741 922 825 Oedipum
951 743 1126 810 convenire
1149 744 1296 823 deberet,
1328 742 1390 808 hac
1417 743 1456 808 de
1485 761 1578 808 causa

361 867 396 914 se
420 848 483 913 huc
505 848 695 930 pervenisse
719 849 801 916 dicit
824 849 867 936 (v.
885 849 1069 936 551··54):

571 973 725 1040 πολλῶν
747 970 897 1041 ἀκούων
920 972 959 1041 ἔν
982 999 1022 1041 τε
1044 979 1095 1060 τῷ
1118 971 1245 1064 πάρος
1267 971 1391 1063 χρόνῳ

571 1077 640 1158 τὰς
662 1078 887 1171 αἱματηρὰς
910 1079 1097 1167 ὀμμάτων
1120 1079 1351 1171 διαφθορὰς

574 1185 719 1273 ἔγνωκά
743 1185 787 1267 ν’,
811 1180 839 1254 ὦ
860 1195 926 1255 παῖ
949 1189 1070 1268 Λαΐου,
1093 1193 1212 1256 τανῦν
1236 1186 1271 1256 θ’
1294 1187 1403 1266 ὁδοῖς

573 1294 612 1362 ἐν
634 1294 761 1363 ταῖσδ’
784 1293 935 1363 α’κούων
957 1298 1105 1381 μᾶλλον
1129 1295 1402 1382 ἐξεπίσταμαι.

448 1423 495 1490 Ut
523 1422 626 1505 igitur
649 1423 794 1490 Theseus
817 1424 978 1506 Oedipum
1005 1424 1041 1490 in
1069 1443 1189 1491 scaena
1211 1424 1287 1507 ipsa
1309 1423 1497 1506 conveniat,
1525 1422 1579 1488 ille

358 1549 394 1596 se
422 1549 463 1595 ex
486 1529 611 1596 nuntiis
639 1531 678 1596 de
708 1550 746 1597 eo
773 1530 839 1598 sibi
867 1531 980 1597 allatis
1004 1531 1202 1598 conclusisse
1231 1531 1325 1614 dicit,
1356 1530 1429 1612 quis
1457 1531 1579 1596 advena

358 1636 416 1702 ille
439 1643 535 1703 esset.
1124 1640 1129 1650 '

448 1743 562 1825 Neque
595 1763 671 1811 raro
704 1745 757 1828 fit,
796 1752 833 1812 ut
863 1765 1023 1828 personae
1057 1746 1093 1812 in
1127 1765 1279 1812 scaenam
1311 1747 1508 1828 prodeuntes
1539 1764 1579 1810 ne

343 1869 513 1917 *causam
549 1852 701 1932 quidem
736 1851 930 1936 afferant,
967 1873 1025 1920 cur
1054 1854 1140 1920 bunc
1171 1853 1278 1921 locum
1309 1853 1466 1936 adierint,
1501 1859 1579 1919 tam-

358 1976 455 2038 quam
493 1957 554 2025 hoc
599 1959 672 2026 loco
718 1959 841 2026 nullum
881 1979 952 2027 esse
994 1961 1155 2043 aptiorem
1194 1962 1236 2026 ad
1281 1979 1335 2026 res
1379 1960 1580 2044 peragendas

359 2064 493 2146 planum
523 2065 577 2132 sit.

448 2173 539 2256 Quae
569 2192 623 2238 res
654 2173 775 2255 optime
803 2173 900 2240 initio
929 2173 1230 2241 Trachiniarum
1261 2175 1516 2256 demonstratur,
1548 2174 1579 2237 in

359 2297 422 2358 quo
446 2278 606 2344 Deianira
629 2279 747 2360 quibus
771 2280 939 2347 doloribus
962 2282 1007 2347 sit
1034 2283 1156 2348 affecta
1179 2287 1322 2347 enarrat.
1369 2280 1453 2347 Nam
1477 2297 1577 2346 nonne

358 2384 459 2450 multo
484 2386 554 2451 veri
583 2385 724 2452 similius
752 2386 786 2452 id
810 2387 899 2454 intra
926 2388 1052 2471 regiam
1076 2395 1203 2471 gestum
1227 2393 1314 2454 esset
1323 2385 1357 2472 ¹),
1386 2387 1444 2453 ubi
1466 2386 1578 2468 regina

359 2489 548 2572 famulaque
578 2492 667 2558 solae
691 2499 814 2575 essent,
845 2514 918 2560 cum
946 2495 1008 2560 huc
1032 2513 1141 2561 omnes
1165 2495 1312 2560 homines
1340 2493 1576 2560 commearent?

448 2599 560 2680 Neque
583 2618 655 2665 cunr
679 2599 838 2667 Hercules
862 2601 1029 2668 doloribus
1053 2602 1219 2668 cruciatus
1242 2601 1484 2684 spectatoribus
1507 2619 1576 2682 pro·

360 2704 524 2771 ducendus
548 2713 648 2788 esset,
680 2706 754 2772 fieri
777 2708 886 2790 potuit
915 2709 993 2790 quin
1022 2728 1063 2774 ex
1086 2709 1221 2775 Euboea
1248 2710 1468 2775 reduceretur.
1514 2707 1576 2772 Ite-

359 2830 421 2891 que
459 2812 633 2878 Herculem
675 2814 724 2880 ibi
762 2815 843 2881 baec
886 2815 992 2897 ipsum
1031 2815 1179 2882 oravisse
1222 2822 1320 2896 atque
1358 2814 1576 2881 obsecravisse

360 2919 480 3002 Hyllus
503 2926 619 2986 narrat
642 2920 685 3007 (v.
705 2921 856 3007 799sq.):

572 3042 643 3111 ἀλλ’
665 3036 747 3136 ἆρον
770 3045 843 3131 ἔξω,
866 3049 921 3114 καὶ
944 3045 1090 3132 μάλιστα
1111 3045 1173 3132 μὲν
1195 3073 1238 3132 με
1260 3046 1322 3124 θὲς

573 3151 708 3220 ἐνταῦθ’
732 3151 817 3220 ὅπου
839 3179 882 3238 με
903 3151 949 3243 μή
972 3179 1024 3232 τις
1047 3151 1168 3244 ὄψεται
1191 3158 1338 3244 βροτῶν·

572 3257 604 3325 εἰ
626 3258 656 3326 δ’
671 3253 780 3328 οἶκτον
803 3263 917 3345 ἴσχεις,
942 3259 1039 3328 ἀλλὰ
1062 3259 1098 3346 μ’
1113 3259 1153 3328 ἔκ
1175 3284 1215 3347 ys
1237 3263 1355 3350 τῆσδε
1376 3264 1443 3350 γῆς

572 3364 830 3456 πόρθμευσον
853 3367 903 3445 ὠς
924 3365 1108 3454 τάχιοτα,
1132 3367 1219 3458 μηδ’
1241 3367 1362 3436 αὐτοῦ
1384 3365 1502 3435 θάνω.

448 3491 573 3575 Quibus
596 3493 708 3558 verbis
731 3512 926 3575 quamquam
950 3497 991 3560 ab
1016 3495 1117 3579 Hyllo
1142 3494 1224 3560 nihil
1248 3493 1369 3576 petivit
1391 3494 1457 3560 nisi
1480 3501 1515 3559 ut
1534 3493 1572 3557 ab

359 3597 467 3663 insula
497 3606 717 3680 amoveretur,
753 3607 862 3666 tamen
894 3601 983 3668 filius
1014 3608 1140 3684 petrem
1170 3601 1365 3668 Trachinem
1398 3597 1574 3667 transverit

359 3704 415 3790 (cf.
440 3725 470 3771 v.
488 3704 582 3792 803);
615 3725 677 3786 quo
701 3709 795 3774 modo
820 3707 859 3773 fit
886 3713 923 3774 ut
945 3709 1105 3775 Hercules
1128 3709 1185 3775 ubi
1208 3708 1348 3791 primum
1372 3713 1572 3790 experrectus

358 3816 409 3876 est
431 3812 559 3878 nesciat
581 3812 714 3878 ubinam
737 3813 783 3880 sit
805 3813 848 3899 (v.
866 3815 1051 3900 983—86):

571 3927 598 4001 ὦ
622 3939 698 4015 Ζεῦ,

572 4049 643 4109 ποῖ
664 4046 734 4128 γᾶς
756 4040 851 4133 {jum
879 4041 987 4134 παρὰ
1010 4050 1117 4113 τοῖσι
1139 4049 1291 4135 βροτῶν

570 4155 704 4235 κεῖμαι
726 4149 954 4240 πεπονημένος
977 4148 1149 4242 α’λλὴκτοις

572 4255 725 4336 ὀδύναις,·

447 4383 595 4449 Eandem
617 4384 779 4450 rationem
802 4385 837 4450 in
859 4384 954 4451 initio
978 4385 1164 4452 Electrae
1188 4385 1370 4453 adhibitam
1387 4387 1569 4462 invenimus,

448 4615 468 4684 ¹)
488 4614 557 4669 Vide
575 4615 646 4682 qnod
665 4631 689 4684 p.
704 4617 739 4670 22
759 4616 792 4670 de
810 4616 860 4670 hoc
879 4617 938 4671 loco
958 4619 1078 4687 exposui.
