3522 5310
730 305 854 402 Ηιι

245 511 310 564 tem
335 500 488 565 annualia
512 509 660 586 tempora
684 511 745 566 etc.
764 503 786 583 ¹)
809 499 924 564 Nonne
949 499 991 564 ad
1008 499 1165 564 Varronis
1187 519 1318 586 quoque
1335 499 1423 563 Heb-

247 607 415 688 domades,
430 629 568 693 quarum
585 608 617 670 in
635 605 717 672 libro
734 606 889 693 primodo
899 608 931 670 vi
946 604 1163 670 hebdomadis
1180 616 1289 671 actum
1307 605 1426 690 c1·at,‘²)

249 737 343 780 sacer·
377 715 430 778 hie
457 736 615 779 numerus
651 715 760 799 magni
789 710 851 778 fuit
886 711 1065 779 momenti?
1110 713 1226 800 Neque
1261 712 1326 777 hue
1361 736 1424 790 non

248 821 441 888 referendae
466 833 543 888 sunt
566 830 693 908 septem
709 820 872 886 Lesbides
890 843 974 907 quae
1000 819 1109 884 sidera
1131 819 1238 884 factae
1255 843 1274 884 a
1290 818 1425 886 Conone

248 928 472 994 Alexandrino
501 927 666 1014 astrologo
696 929 728 992 in
757 950 857 992 unum
889 927 980 992 sidus
1009 923 1201 992 ‘Berenicae
1235 927 1424 992 caesariem'

248 1039 441 1102 coniunctae
481 1047 565 1101 sunt.
582 1037 606 1119 ³)
653 1033 848 1122 Apollonius
888 1035 1043 1122 Tyaneus
1083 1045 1210 1120 septem
1246 1034 1426 1121 discipulos

248 1143 345 1208 habet
362 1142 480 1228 quibus
498 1165 628 1230 semper
644 1141 847 1208 familiariter
864 1145 962 1207 utitur
986 1141 1182 1227 (Philostrat.
1202 1143 1256 1206 vit.
1275 1141 1424 1227 Apollon.

249 1252 263 1315 1
290 1253 353 1335 18),
400 1251 516 1338 Neque
540 1250 617 1315 lieet
650 1252 829 1336 praeterire
863 1259 935 1331 τοὺς
970 1253 1047 1318 ἑπτὰ
1082 1255 1128 1318 ἐπὶ
1163 1251 1271 1342 Θήβας
1308 1249 1426 1335 quibus

248 1358 383 1423 Thebae
399 1381 581 1444 cognomen
606 1362 777 1439 ἑπτάπυλος
800 1357 921 1423 debent
933 1359 972 1438 ⁴),
1005 1379 1088 1444 quos
1112 1378 1177 1421 una
1201 1378 1274 1421 cum
1301 1366 1425 1442 septem

248 1465 379 1530 chordis
419 1465 509 1551 lyrae
550 1475 582 1529 et
617 1476 743 1552 septem
778 1463 963 1551 pleiadibus
1010 1463 1206 1528 Aristoteles
1245 1463 1347 1544 affert,
1393 1475 1427 1527 ut

248 1572 475 1658 Pythagoreos
510 1571 638 1648 refutet,
675 1571 860 1658 Metaphyt.
908 1571 937 1634 N
965 1571 986 1636 6
1018 1570 1135 1636 109311
1161 1570 1201 1635 13
1231 1593 1295 1656 sq.:
1343 1575 1427 1639 ἀλλὰ

249 1687 301 1750 διὰ
324 1687 354 1750 τί
378 1683 462 1750 αἴτια
485 1693 600 1763 ταῦτα)
629 1683 707 1750 ἑπτὰ
730 1686 783 1770 μὲν
807 1685 975 1772 φωνήεντα,
1000 1682 1134 1748 ἑπτὰδὲ
1156 1685 1264 1772 χορδαὶ
1286 1684 1305 1764 ἢ
1330 1685 1425 1771 ἁρμο-

248 1795 316 1869 νίαι,
347 1792 424 1858 ἑπτὰ
446 1794 483 1858 δὲ
507 1793 538 1857 αἱ
560 1793 711 1868 πλειάδες,
742 1792 772 1856 ἐν
797 1791 932 1856 ἑπτὰδὲ
956 1791 1086 1866 ὀδόντας
1111 1791 1220 1878 βάλλει
1246 1841 1251 1854 .
1280 1841 1285 1854 .
1312 1841 1318 1854 .
1349 1789 1426 1854 ἑπτὰ

248 1902 284 1965 δὲ
335 1901 363 1966 οἱ
408 1901 455 1965 ἐπὶ
494 1897 612 1986 Θήβας.
659 1896 702 1987 ἄρ’
747 1898 796 1963 οὖν
831 1899 878 1963 ὅτι
921 1901 1039 1964 τοιοσδὶ
1070 1900 1090 1962 ὁ
1130 1897 1260 1986 ἀριθμὸς
1286 1902 1424 1986 πέφυκεν,

248 2009 301 2072 διὰ
324 2015 418 2072 τοῦτο
441 2009 460 2088 ἡ
485 2009 592 2072 ἐκεῖνοι
616 2009 756 2095 ἐγένοντο
779 2006 856 2071 ἑπτὰ
872 2007 890 2088 ἢ
907 2009 926 2087 ἡ
941 2008 1048 2083 πλειὰς
1071 2005 1148 2070 ἑπτὰ
1173 2005 1308 2094 ἀστέρων
1330 2007 1424 2083 ἐστίν;

249 2117 268 2195 ἢ
293 2115 320 2179 οἱ
345 2117 398 2204 μὲν
422 2117 474 2179 διὰ
497 2118 554 2191 τὰς
577 2115 674 2191 πύλας
695 2115 714 2195 ἢ
739 2113 835 2195 ἄλλην
859 2116 927 2177 τινὰ
950 2114 1049 2178 αἰτίαν
1075 2164 1081 2177 .
1109 2162 1114 2174 .
1143 2161 1149 2173 .
1177 2160 1182 2171 .
1210 2109 1280 2173 Iam
1306 2108 1425 2174 Phere-

250 2217 353 2303 cydes
371 2227 403 2282 et
418 2215 611 2282 Hellanicus
637 2219 668 2280 in
686 2217 782 2281 huius
796 2215 887 2280 urbis
912 2227 1037 2303 septem
1055 2227 1166 2303 portas
1188 2217 1428 2302 inquisiverunt

250 2337 347 2388 etex
372 2325 432 2390 hoc
456 2337 603 2411 tempore
628 2323 721 2388 multi
745 2345 850 2411 usque
875 2324 916 2388 nd
940 2313 1093 2389 Nonnum
1110 2323 1295 2410 DionysV
1319 2323 1362 2387 70
1377 2346 1426 2409 sq.

248 2433 382 2498 nomina
406 2440 531 2518 septem
565 2442 732 2519 portarum
768 2432 975 2518 interpretari
1004 2433 1112 2495 conati
1136 2441 1225 2496 sunt:
1261 2430 1427 2496 eNiobae

250 2538 324 2604 filiis
349 2539 409 2604 has
434 2539 615 2604 nominatas
640 2561 726 2620 esse,
750 2538 989 2603 hebdomadem
1006 2537 1123 2602 lectam
1146 2561 1222 2602 esse
1246 2537 1427 2602 seeundum

251 2657 377 2732 septem
391 2644 530 2711 chordas
554 2643 657 2732 lyrae,
682 2654 793 2731 utpote
811 2667 908 2732 quem
933 2647 1056 2731 primus
1080 2644 1204 2730 lyricen
1229 2644 1429 2731 Amphiona

250 2753 414 2817 Mercurio
438 2755 612 2838 acceperit,
643 2767 698 2817 aut
727 2751 907 2816 secundum
942 2763 1066 2838 septem
1089 2750 1248 2839 planetas,
1279 2750 1311 2815 id
1341 2751 1428 2838 quod

251 2870 377 2946 septem
396 2860 526 2925 chordis
543 2860 634 2946 lyrae
652 2861 817 2926 recentius
834 2870 895 2943 est,
921 2861 997 2947 quia
1019 2859 1189 2924 harmonia
1213 2858 1426 2945 sphaerarum

251 2968 454 3033 harmoniam
492 2967 581 3053 lyrae
617 2969 767 3033 imitatur.
817 2967 925 3054 Atque
965 2968 1025 3031 etsi
1065 2976 1191 3053 septem
1226 2965 1427 3051 Argivorum

251 3075 354 3140 duces
378 3097 517 3162 qnorum
541 3074 583 3140 ad
610 3077 767 3162 impetum
796 3075 974 3140 arcendum
999 3073 1134 3138 Thebae
1163 3083 1289 3160 septem
1316 3084 1427 3159 portas

251 3182 374 3248 habere
398 3181 561 3264 dicuntur,
585 3191 701 3269 poetae
726 3184 858 3267 ingenio
888 3181 1058 3260 debentur,
1088 3191 1197 3245 tamen
1224 3179 1313 3245 haud
1336 3181 1427 3264 parvi

252 3292 406 3356 momenti
433 3299 493 3369 est,
518 3288 606 3376 quod
630 3291 831 3376 posteriores
856 3291 989 3354 nomina
1013 3288 1145 3375 quidem
1163 3287 1283 3352 ducum
1302 3288 1429 3351 variare

251 3408 284 3461 et
307 3395 370 3462 alia
399 3395 599 3462 substituere
628 3420 693 3461 non
717 3398 813 3460 veriti
837 3407 923 3476 sunt,
959 3396 1018 3461 sed
1046 3393 1286 3461 hebdomadem
1315 3416 1428 3458 eorum

251 3526 418 3590 nunquam
442 3502 693 3570 labefactarunt.
742 3503 887 3568 Similem
911 3505 945 3567 in
973 3502 1105 3568 modum
1133 3502 1197 3566 alia
1220 3523 1351 3588 quoque
1375 3523 1428 3565 res

255 3635 346 3644 -σ-σκ-

252 3704 386 3771 σωμάτων.
423 3699 563 3754 Favonius
576 3698 709 3767 Eulogius
726 3693 893 3768 ‘disputatio
908 3698 942 3752 de
960 3697 1066 3752 somnio
1080 3696 1223 3766 Scipionis’
1246 3696 1301 3762 (sd.
1316 3695 1427 3764 Holder,

252 3789 333 3857 1901)
352 3809 378 3860 p.
399 3789 424 3850 1,
443 3790 495 3843 28:
522 3788 684 3843 hebdomad.
705 3830 710 3841 .
733 3789 869 3842 ,ιιιαὶτννι
887 3790 1023 3842 inseram
1043 3793 1144 3842 notura
1163 3787 1325 3841 dominatur.
1359 3787 1428 3839 Ana·

251 3879 336 3933 tolius
353 3881 412 3948 πιρὶ
430 3882 537 3942 δεκάδος
555 3879 599 3934 καὶ
617 3885 667 3933 τῶν
691 3876 758 3948 ἐντὸς
778 3879 853 3946 αὐτῆς
871 3879 984 3948 ἀριθμῶν
1013 3877 1056 3931 ed.
1082 3877 1206 3944 Heiborg
1230 3875 1376 3945 (Memoire
1401 3875 1428 3928 lu

251 3987 286 4023 au
306 3971 423 4038 congris
443 3968 593 4022 d'Histoire
613 3967 663 4020 des
683 3966 812 4022 Sciencos
832 3967 912 4021 Paris
933 3967 1011 4033 1900)
1031 3963 1132 4020 Mae'on
1152 3965 1221 4019 1901
1241 3983 1267 4034 p.
1289 3965 1330 4018 13.

361 4060 380 4125 ¹)
400 4057 516 4120 Herder,
550 4056 648 4110 Rhein.
680 4055 751 4111 Mus.
783 4054 958 4110 XXXXVIII
989 4054 1091 4120 (1893),
1124 4053 1177 4108 433
1205 4072 1245 4123 sq.
1271 4055 1369 4122 llberg
1397 4053 1424 4106 in

253 4147 431 4202 Griechische
450 4146 576 4212 Studien,
596 4145 629 4200 H.
649 4145 758 4214 Lipsius
778 4146 907 4214 dargebr.
928 4144 1042 4215 Leipzig
1062 4143 1132 4198 1894
1150 4163 1176 4213 p.
1197 4144 1240 4199 22.
1260 4161 1301 4213 sq.

359 4237 379 4300 ¹)
398 4236 516 4304 ltitschl,
536 4235 636 4306 Opuse.
656 4235 698 4290 lll
717 4255 735 4306 p
763 4235 823 4289 452.
862 4233 1057 4300 Waehsmuth,
1076 4234 1239 4302 Einlcitung
1258 4233 1286 4286 in
1306 4233 1332 4286 d.
1347 4232 1426 4286 Stud.

252 4328 278 4380 d.
297 4327 344 4380 alt.
367 4325 466 4380 Gesch.
487 4324 579 4395 (1895)
599 4344 626 4395 p.
645 4325 698 4379 210
717 4326 781 4380 adn.
804 4326 826 4378 1.

359 4417 379 4482 ³]
398 4415 541 4486 Tusmpel,
562 4415 659 4469 Philol.
679 4413 852 4468 XXXXVIII
877 4413 978 4480 (1889),
1002 4413 1045 4466 99.
1065 4413 1117 4466 129
1137 4431 1176 4480 sq.
1197 4415 1227 4467 ot
1246 4413 1273 4465 in
1294 4412 1427 4465 ltoscheri

251 4507 305 4562 lex.
324 4506 412 4575 myth.
432 4523 453 4560 s.
472 4525 498 4560 v.
519 4505 728 4560 Lesbiorinnon.

359 4599 379 4663 Ι)
399 4595 440 4650 cf.
460 4596 494 4650 do
514 4595 708 4660 Wilamowitz,
729 4596 845 4649 Hermes
865 4594 957 4648 xxvi
978 4593 1070 4665 (1891)
1091 4614 1117 4663 p.
1138 4592 1187 4645 191
1209 4611 1248 4660 sq.
