3442 5324
961 615 1003 682 οὐ
1025 614 1055 683 δ’
1078 612 1220 682 ἐκλιπὼν

588 727 655 812 γῆν
677 721 792 812 τήνδε
815 727 933 812 φεῦγε
957 723 1051 813 πρὶν
1075 747 1116 790 σε
1138 725 1264 790 mulda
1288 722 1479 811 Πρωτέως

590 829 706 910 ἰδεῖν,
730 829 767 907 ὃς
790 827 884 918 ἄρχει
906 833 1007 920 τῆσδε
1029 835 1105 920 γῆς·
1138 828 1259 898 ἄπεστι
1282 830 1320 898 δὲ

587 939 682 1006 κυσὶν
704 936 882 1016 πεποιθὼς
904 937 939 1004 ἐν
961 944 1083 1029 φοναῖς
1105 936 1331 1028 θηροκτόνοις.

463 1067 572 1146 Atque
595 1070 632 1130 nt
654 1064 782 1130 Helena
809 1064 884 1147 ipsa
912 1084 951 1130 ne
975 1065 1233 1149 Theoclymenus
1262 1085 1336 1132 mox
1360 1066 1474 1131 redeat
1497 1065 1590 1141 timet

374 1174 423 1239 ita
446 1173 579 1239 dubium
603 1191 674 1238 esse
704 1191 769 1238 non
793 1179 902 1253 potest
928 1173 1007 1252 quin
1035 1173 1095 1239 ille
1117 1173 1157 1238 de
1181 1175 1324 1239 adventu
1348 1173 1469 1240 Graeci
1497 1171 1591 1238 homi-

375 1281 427 1346 nis
451 1279 585 1346 edoctus
613 1279 685 1345 sine
707 1298 800 1345 moro
822 1279 948 1362 regiam
972 1282 1084 1362 adeat,
1114 1280 1308 1362 praesertim
1333 1299 1405 1346 cnm
1429 1280 1481 1346 ira
1504 1299 1591 1360 quam
1696 1371 1697 1376 Ἰ

373 1387 661 1455 vehementissima
693 1385 835 1452 omnium
867 1387 1067 1454 Graecorum
1097 1387 1229 1470 flagret,
1262 1388 1296 1453 id
1326 1389 1411 1468 quod
1442 1408 1459 1452 e
1491 1386 1592 1454 verbis

375 1494 522 1560 Helenae
546 1494 653 1559 elucet
676 1493 727 1559 his
752 1492 795 1580 (v.
815 1493 997 1580 155-57):

586 1617 732 1685 κτείνει
754 1615 826 1708 γὰρ
843 1616 987 1707 Ἕλλην’
1010 1616 1127 1686 ὅντιν’
1150 1615 1195 1686 ἂν
1218 1617 1315 1706 λάβῃ
1340 1616 1468 1704 ξένον·

588 1723 666 1791 ὅτου
689 1722 719 1792 δ’
742 1723 843 1805 ἕκατι,
866 1722 949 1814 μήτε
974 1723 1015 1793 σὺ
1039 1724 1128 1814 ζήτει
1151 1732 1276 1810 μαθεῖν

587 1829 648 1918 ἐγώ
670 1857 707 1898 τε
730 1836 828 1918 σιγῶ·
860 1833 894 1901 τί
916 1831 978 1922 γὰρ
1002 1829 1042 1899 ἂν
1066 1831 1230 1923 ὠφελοῖμί
1254 1857 1307 1913 οες

462 1960 575 2040 Neque
606 1960 693 2025 inter
721 1960 897 2026 adventum
926 1960 1159 2045 Theoclymeni
1190 1967 1222 2027 et
1253 1961 1400 2026 tabulam
1429 1967 1593 2026 exeuntem
1698 1970 1699 2010 l

373 2067 546 2148 quicquam
579 2066 736 2148 temporis
767 2067 996 2149 interpositum
1030 2087 1101 2134 esse
1130 2069 1309 2150 putandum
1340 2073 1403 2150 est,
1438 2086 1511 2133 cum
1542 2066 1592 2132 ille

373 2175 503 2256 quidem
533 2174 609 2239 inde
639 2193 660 2240 a
689 2193 787 2240 versu
818 2174 904 2240 1165
938 2193 1041 2254 usque
1070 2176 1112 2240 ad
1143 2175 1239 2241 finem
1271 2175 1406 2242 fabulae
1435 2193 1592 2255 nunquam

373 2301 494 2348 scaena
517 2282 661 2348 decedat.

461 2389 545 2455 Illae
568 2395 644 2454 sunt
667 2386 816 2471 fabulae,
848 2388 1025 2470 inquibus
1054 2408 1151 2455 unum
1181 2389 1267 2456 diem
1294 2392 1503 2456 observatum
1527 2407 1591 2454 esse

373 2497 525 2564 cverhis
547 2503 664 2578 poetae
688 2495 770 2578 ipsis
795 2496 1013 2579 colligendum
1038 2503 1096 2563 est.
1137 2497 1261 2563 'lamen
1280 2496 1474 2578 Euripidem
1499 2495 1592 2561 etiam

372 2603 407 2670 in
430 2604 549 2670 ceteris
579 2602 703 2668 fabulis
727 2603 958 2685 componendis
981 2603 1049 2686 legi
1077 2604 1129 2669 illi
1156 2603 1307 2686 paruisse
1330 2609 1436 2684 patet,
1467 2601 1591 2668 etiamsi

372 2710 455 2777 illud
478 2711 609 2791 quidem
633 2729 650 2775 e
673 2710 785 2776 verbis
809 2711 892 2792 ipsis
915 2731 980 2776 non
1004 2711 1222 2794 cognoscitur.
1261 2710 1348 2777 Nam
1369 2729 1410 2776 ne
1433 2710 1468 2776 in
1493 2710 1594 2775 altera

374 2818 507 2883 fabulae
537 2821 633 2899 parte
675 2816 760 2882 alius
795 2817 866 2882 dies
902 2825 989 2883 esset
1017 2824 1115 2898 atque
1149 2818 1185 2884 in
1215 2818 1334 2900 altera,
1377 2823 1453 2884 ante
1489 2816 1593 2883 omniu

372 2925 490 2990 chorus
523 2924 719 3006 obsistebat,
754 2924 874 3008 quippe
905 2925 962 3006 qui
991 2945 1051 3007 per
1080 2931 1184 2992 totam
1219 2926 1383 2992 actionem
1411 2925 1447 2990 in
1479 2942 1592 2990 scaena

371 3037 557 3099 remaneret
567 3031 600 3118 ¹).
648 3031 740 3114 Quae
762 3051 816 3098 res
838 3033 1090 3114 haudquaquam
1113 3032 1157 3098 iis
1173 3033 1256 3099 locis
1279 3032 1454 3114 refutatur,
1480 3031 1592 3112 quibus

372 3141 500 3222 cherua,
525 3145 562 3204 ut
584 3139 662 3204 aliis
689 3140 840 3221 personis
873 3138 1065 3206 facultatem
1094 3142 1149 3206 det
1172 3141 1207 3206 in
1231 3159 1383 3206 scaenam
1406 3136 1593 3221 prodeundi,

372 3265 444 3312 sese
467 3247 595 3312 domum
619 3246 673 3313 vel
700 3246 767 3312 alio
791 3246 921 3313 confert
950 3246 1006 3332 (cf.
1032 3247 1146 3314 Helen.
1171 3267 1202 3313 v.
1221 3245 1349 3333 385)⁸);
1385 3264 1461 3312 nam
1485 3245 1552 3312 illis
1575 3261 1594 3307 a

370 3359 468 3435 poeta
490 3354 626 3420 remotis
650 3354 767 3420 chorus
791 3354 904 3419 statim
929 3355 971 3420 od
994 3353 1137 3435 priorem
1160 3354 1267 3420 locum
1291 3354 1386 3419 redit.

460 3568 530 3634 Iam
548 3567 806 3649 disquirentibus
822 3567 927 3651 nobis,
953 3567 1093 3648 quibus
1116 3585 1207 3634 usus
1231 3567 1457 3634 rationibus
1481 3565 1593 3632 Euri·

372 3675 484 3758 pides
507 3675 772 3758 prohibuerit,
804 3695 849 3740 ne
877 3675 983 3742 actio
1014 3674 1175 3743 fabulae
1203 3675 1243 3740 in
1273 3675 1491 3757 complures
1515 3673 1592 3740 dies

372 3783 697 3864 distribueretur,
728 3782 834 3864 primo
858 3782 929 3849 loco
960 3781 1042 3849 illud
1069 3783 1320 3848 instrumentum
1344 3787 1592 3848 commemoran-

372 3893 446 3957 dum
463 3897 523 3974 est,
548 3891 634 3970 quod
655 3896 693 3956 nt
708 3889 831 3956 fabulis
849 3889 1082 3974 Aeschyleis
1107 3897 1140 3956 et
1163 3889 1394 3972 Sophocleis
1417 3890 1522 3970 abest,
1544 3887 1591 3951 ita

373 3997 407 4064 in
431 3997 639 4080 Euripidis
667 4003 739 4062 arte
763 3997 893 4079 tragica
916 3997 1090 4079 plurimum
1114 3997 1220 4064 valet:
1253 3997 1455 4079 prologum
1479 3991 1591 4077 diceb.

371 4105 472 4172 Initio
489 4105 574 4172 enim
592 4103 779 4171 fabularum
795 4103 1049 4186 mmipidearum
1066 4123 1207 4186 persona
1222 4103 1389 4184 quaelibet
1407 4106 1449 4169 ab
1467 4101 1591 4169 actione

462 4337 481 4408 ¹)
500 4337 569 4392 Vide
587 4353 612 4406 p.
626 4338 651 4392 9.

462 4427 482 4498 ¹)
502 4427 542 4484 cf.
561 4427 733 4484 Schoenborn
751 4428 769 4484 l.
784 4445 806 4485 c.
826 4444 851 4497 p.
865 4427 925 4483 200.

460 4517 542 4587 ⁸)De
565 4519 707 4589 prologo
733 4520 843 4587 planius
867 4518 1000 4572 disserere
1023 4518 1115 4586 omisi,
1140 4519 1268 4584 quoniam
1291 4533 1361 4586 quas
1387 4516 1420 4570 ds
1446 4515 1491 4570 illo
1513 4517 1590 4567 erant

370 4607 534 4676 proferenda
552 4607 580 4660 hi
599 4609 652 4661 uiri
671 4608 823 4662 doctissimi
842 4613 970 4662 accurate
989 4607 1209 4674 explicaverunt:
