3462 5312
867 401 1022 500 „Aet

357 616 515 699 Steropem
538 617 600 682 hae
624 615 896 698 interpretatione
929 618 1175 696 comprobatum
1199 614 1410 682 aecusativus
1434 615 1586 683 Brontem

358 724 518 790 formatus
556 730 615 790 est.
674 723 912 790 Enuntiatione
951 728 1059 788 autem
1098 723 1160 788 hae
1200 721 1327 789 formae
1367 731 1400 788 et
1435 725 1585 790 Graecae

356 831 503 914 Steropen
527 831 668 898 Bronten
692 831 778 896 inter
802 849 837 896 se
860 849 925 896 non
948 830 1084 895 multum
1109 830 1316 896 differebant.

445 939 485 1003 In
508 939 703 1020 nominibus,
729 957 864 1018 quorum
888 937 1097 1003 accusativus
1122 938 1239 1003 dubius
1263 944 1323 1017 est,
1348 938 1450 1004 etiam
1475 957 1587 1004 nnme-

357 1047 495 1112 randum
520 1051 570 1111 est
593 1046 761 1128 Aeacidae,
791 1045 884 1110 euius
908 1045 1133 1111 accusativum
1157 1045 1316 1112 Aeaciden
1345 1051 1377 1110 et
1400 1046 1528 1111 Statius
1552 1046 1589 1111 in

357 1151 544 1218 Achilleide
573 1157 606 1218 et
628 1152 731 1219 Silvis
755 1159 788 1217 et
811 1151 929 1218 Iliadis
951 1151 1093 1217 Latinae
1118 1159 1234 1217 auctor
1258 1152 1291 1217 in
1316 1171 1414 1218 versu
1438 1155 1504 1218 914
1529 1154 1589 1218 ad-

358 1259 481 1340 hibuit,
518 1260 574 1340 qui
604 1259 639 1324 in
669 1259 813 1324 eiusdem
845 1258 1002 1324 carminis
1026 1279 1124 1324 versu
1148 1261 1212 1324 967
1237 1261 1402 1325 Aeneidem
1433 1259 1590 1325 adhibuit

360 1365 515 1448 formam,
552 1367 586 1431 in
615 1383 712 1446 quam
750 1365 939 1431 terminatio
971 1365 1199 1446 praecedentis
1227 1365 1381 1432 vocabuli
1418 1368 1591 1432 instantem

358 1473 425 1540 vim
451 1473 604 1539 habuisse
627 1474 767 1541 videtur.

447 1580 626 1646 Praeterea
672 1581 840 1646 alternant
886 1580 1069 1646 accusativi
1113 1579 1415 1664 Amphitryoniaden
1454 1581 1592 1647 Atriden

358 1687 500 1771 Tydiden
527 1687 717 1770 plerumque
741 1687 883 1753 adhibiti
912 1706 984 1752 cum
1008 1687 1140 1752 Latinis
1164 1688 1481 1771 Amphitryoniaden
1512 1687 1588 1772 (Sil.

357 1794 398 1859 It.
424 1794 486 1861 XV
504 1795 559 1888 Ι79)
595 1795 738 1860 Atriden
768 1793 853 1879 (Oet.
871 1793 949 1878 816)
996 1795 1143 1878 Tydiden
1174 1793 1301 1877 (llanil.
1327 1795 1344 1858 I
1369 1795 1456 1878 763).
1511 1794 1590 1859 vri-

276 1907 279 1914 '
356 1901 476 1983 plieem
506 1901 730 1967 accusativum
763 1901 946 1967 invenimus
977 1907 1110 1966 canetae
1141 1901 1297 1967 nominis:
1331 1909 1462 1968 cometen
1491 1901 1588 1986 (Luc.

342 2008 374 2072 λΙ
390 2009 455 2073 529
478 2008 574 2074 Aetn.
590 2010 655 2072 242
679 2009 749 2073 Iuv.
763 2009 811 2076 Vl
827 2009 906 2094 407)
938 2017 1084 2076 coenetam
1101 2009 1186 2093 (Oet.
1206 2011 1282 2092 232)
1314 2017 1455 2075 coenetcm
1480 2008 1588 2094 (Calp.

357 2115 776 2202 Imfflmfflfflt

447 2223 519 2288 Duo
549 2229 675 2288 tantum
699 2230 775 2288 sunt
799 2223 877 2304 loci,
907 2223 1025 2303 quibus
1048 2223 1190 2289 nominis
1219 2223 1346 2306 proprii
1375 2223 1590 2288 aecusativus

358 2353 426 2396 -cm
449 2331 681 2397 terminatione
708 2331 868 2397 formatus
894 2337 959 2395 est:
992 2331 1135 2396 Senecae
1159 2330 1339 2411 Oedipodis
1363 2350 1478 2398 versus
1502 2331 1590 2395 1003

359 2445 392 2502 et
426 2437 512 2502 Stati
541 2437 720 2502 Thebaidis
756 2456 870 2503 versus
905 2437 955 2501 XI
980 2437 1064 2502 666:
1115 2434 1321 2521 Oedipodam,
1362 2437 1469 2516 iisque
1505 2437 1590 2502 locis

359 2545 432 2609 ideo
457 2549 507 2609 est
531 2543 708 2624 adhibitus,
733 2549 770 2608 ut
793 2542 886 2610 elisio
911 2543 983 2609 fieri
1007 2551 1128 2625 posset.

447 2651 567 2716 Omnia
590 2651 718 2730 reliqua
747 2651 892 2732 nomina,
926 2670 1009 2731 quae
1034 2651 1257 2717 accusativum
1281 2651 1437 2717 Latinum
1462 2651 1498 2716 in
1520 2673 1590 2717 -am

360 2764 529 2823 exeuntem
545 2758 703 2840 lecerunt,
721 2758 925 2840 appellativa
942 2765 1030 2823 sunt:
1055 2759 1194 2825 oivartum
1209 2760 1414 2842 marparitam
1429 2765 1590 2824 croiretmn

358 2866 535 2946 saperdam,
561 2872 675 2930 eontra
698 2883 781 2944 quac
805 2871 895 2930 stant
919 2865 1045 2930 Graece
1069 2865 1171 2930 flexa:
1205 2872 1343 2931 cerasten
1368 2864 1468 2950 (Stat.
1486 2865 1588 2930 Theb.

359 2972 411 3037 XI
434 2971 489 3056 65)
525 2977 558 3036 et
581 2972 746 3038 choraulen
770 2972 871 3055 (Petr.
897 2973 949 3052 53,
973 2973 1021 3052 13,
1038 2975 1079 3053 a),
1115 2991 1198 3052 quae
1222 2971 1328 3037 minus
1352 2978 1428 3038 sunt
1451 2972 1589 3038 usitata.

448 3115 478 3179 4.
514 3113 746 3180 Nominatlvus
778 3115 924 3181 Graecus
957 3115 991 3179 in
1019 3141 1054 3202 -η
1088 3115 1240 3181 desinens
1252 3113 1274 3198 ¹)
1309 3115 1405 3198 longe
1435 3115 1590 3196 plurimis

360 3220 457 3302 lociS,
490 3221 607 3301 quibus
636 3242 656 3286 a
679 3221 786 3303 poetis
811 3222 942 3287 Latinis
971 3229 1122 3288 servatus
1151 3228 1274 3304 exstat,
1306 3229 1409 3287 metro
1438 3222 1491 3288 vel
1517 3241 1590 3287 ver-

360 3347 452 3394 suum
483 3328 613 3393 ratione
642 3329 836 3409 postulatur.
885 3329 979 3412 Quod
1010 3329 1095 3394 enim
1129 3330 1171 3393 ad
1202 3329 1425 3394 hexametrum
1458 3329 1588 3411 attinet,

362 3434 438 3515 plus
462 3434 562 3499 tertia
585 3454 664 3517 pars
689 3435 830 3500 omnium
854 3435 950 3501 hnins
974 3436 1106 3518 generis
1130 3436 1294 3502 nominum
1320 3437 1374 3520 tii
1400 3435 1488 3501 inter
1512 3437 1590 3520 2οῖ)

363 3560 422 3607 sna
462 3541 606 3622 ipsorum
642 3549 809 3607 structura
844 3562 909 3608 non
944 3542 1062 3608 idonea
1095 3550 1158 3625 est,
1198 3561 1333 3623 quorum
1368 3543 1437 3607 alia
1476 3543 1589 3608 tenni-

361 3647 451 3713 natio
489 3653 587 3727 atque
618 3649 748 3715 Graeca
782 3649 853 3714 sine
891 3649 1028 3714 elisione
1057 3649 1091 3714 in
1124 3668 1251 3716 versum
1280 3649 1476 3730 recipiatur,
1517 3669 1589 3715 omn

361 3756 444 3820 duae
473 3754 623 3838 syllabae
653 3758 882 3822 antecedentes
905 3760 1022 3822 breves
1046 3756 1126 3835 sint,
1156 3756 1247 3823 velut
1272 3755 1440 3841 Cymodoce
1462 3755 1587 3823 Danae.

362 3863 486 3927 Eadem
510 3881 611 3928 causa
625 3869 742 3944 poetae
766 3864 819 3929 vel
836 3863 988 3930 commoti
1011 3869 1097 3944 sunt,
1121 3869 1158 3928 ut
1173 3862 1367 3944 quibusdam
1391 3863 1588 3946 nominibus,

361 3988 496 4048 quorum
521 3969 744 4036 nominativus
768 3970 915 4036 Graecus
939 3976 972 4035 et
996 3971 1030 4035 in
1053 3993 1090 4035 -a
1119 3978 1151 4035 et
1174 3971 1351 4053 praecipue
1374 3969 1409 4035 in
1434 3969 1589 4036 carmini-

361 4077 421 4140 bus
445 4075 548 4156 epicis
572 4076 606 4140 in
630 4103 665 4164 -η
691 4076 768 4156 exit,
794 4097 922 4159 semper
945 4079 1030 4143 hane
1054 4077 1317 4143 terminationem
1342 4077 1544 4143 tribuerent:

452 4182 650 4249 Andromede
666 4183 919 4269 (GermPhaen.
938 4185 1012 4267 201,
1027 4183 1105 4270 640)
1136 4185 1265 4268 Ephyre
1281 4183 1354 4268 (Sil.
1371 4183 1412 4248 It.
1431 4185 1494 4250 XV
1511 4183 1589 4266 310)

361 4288 459 4354 Melie
481 4309 551 4355 voe.
584 4291 669 4375 (Val.
687 4291 797 4356 Flacc.
823 4292 870 4359 IV
894 4292 969 4376 119)
1012 4289 1122 4358 Ocalee
1146 4292 1241 4376 (Stat.
1260 4291 1359 4357 Theb.
1385 4291 1451 4358 Vll
1476 4291 1554 4375 260)
1565 4291 1589 4376 ²)

454 4501 472 4570 ¹)
492 4502 675 4556 Sniehotta
693 4503 744 4557 l.c.
764 4519 788 4570 p.
803 4505 837 4556 49
857 4509 885 4557 et
904 4505 947 4557 50.

452 4590 471 4660 ²)
493 4591 653 4645 Klotzius
681 4597 710 4645 et
735 4591 968 4647 Kohlmannus
997 4593 1166 4660 seripserunt
1196 4593 1301 4648 (toalea.
1347 4592 1399 4646 Ille
1427 4593 1588 4647 adnotavit:
