3496 5310
764 407 807 478 27

171 626 364 710 Thymoeten.
400 625 434 692 in
459 626 589 693 dubium
613 627 727 694 vocari
751 634 886 709 possunt
910 627 993 693 baec
1017 625 1177 710 exempla,
1201 643 1397 708 quamquam

168 733 224 800 vix
262 733 447 800 errabimus
487 733 650 800 Graecam
695 735 961 802 terminationem
1004 733 1235 801 restituentes:
1281 733 1298 798 I
1334 733 1396 799 113

171 837 307 908 Oronten
322 841 352 908 R
375 864 438 908 -em
454 843 498 909 M.
538 843 596 909 sed
620 842 824 909 Charisius
851 841 987 909 Oronten
1010 844 1201 925 comprobat
1224 840 1345 924 optime
1356 840 1396 926 ¹):

167 945 227 1016 ‘hic
249 945 369 1016 Oronte
393 971 462 1015 cnm
485 951 582 1017 latine
602 951 798 1034 reformatae
820 958 847 1017 et
869 951 951 1016 hnne
969 946 1120 1016 menan
1145 951 1289 1016 dirimas.
1321 970 1397 1016 nam

166 1059 197 1122 si
219 1077 281 1123 non
303 1057 507 1141 reformatur,
543 1054 679 1124 Oronten
698 1059 873 1140 poterimus
901 1059 1011 1136 dicere,
1042 1064 1077 1124 nt
1106 1057 1278 1141 Veryltina:
1312 1110 1318 1121 .
1350 1108 1357 1120 .
1388 1106 1395 1120 .

164 1165 324 1248 fidamque
346 1165 473 1231 vehebat
498 1160 653 1231 Ormeten'·
701 1165 814 1246 itaque
839 1164 945 1231 altero
970 1183 1097 1247 quoque
1122 1165 1193 1230 loco
1220 1163 1283 1247 (VI
1306 1163 1396 1248 334),

167 1272 224 1338 ubi
248 1272 396 1339 Orontea
420 1271 560 1338 nominis
591 1273 802 1340 aecusativus
833 1277 958 1356 exstat,
991 1291 1063 1340 cum
1094 1271 1206 1338 codiee
1230 1271 1257 1337 P
1281 1277 1398 1337 eontra

166 1379 200 1446 id
216 1380 387 1462 exemplar
410 1381 498 1462 quod
521 1381 627 1447 secuti
651 1388 729 1448 suut
753 1380 881 1448 codices
897 1381 964 1448 MR
979 1386 1013 1447 et
1030 1379 1233 1460 Priscianus
1261 1377 1397 1446 Oronten

167 1485 317 1570 legimus.

256 1593 351 1660 Alius
364 1593 503 1661 nominis
520 1594 642 1677 duplici
657 1595 751 1662 modo
769 1583 996 1662 accusativum
1013 1593 1207 1662 terminavit
1219 1593 1395 1676 Vergilius.

164 1721 241 1768 nam
272 1707 307 1768 et
336 1702 448 1769 Daren
479 1702 563 1768 dixit
594 1701 640 1788 (V
665 1705 748 1786 456)
780 1711 814 1770 el
843 1703 968 1770 Dareta
995 1701 1302 1788 (valtellinam,
1328 1700 1398 1768 XII

164 1809 256 1895 363),
281 1827 475 1892 quamquam
500 1809 621 1876 Graeci
645 1807 782 1899 Adonea
807 1811 984 1876 declinant.
1016 1810 1141 1876 Dareta
1166 1828 1186 1876 a
1209 1826 1308 1875 versu
1332 1809 1397 1874 456

163 1916 242 1983 libri
274 1917 302 1982 V
339 1936 532 1999 quamquam
571 1923 705 2001 propter
743 1924 880 1984 metrum
911 1938 975 1984 unu
1007 1918 1148 1984 alienum
1180 1922 1247 1997 est,
1287 1922 1397 1982 tamen

164 2023 280 2091 facere
303 2043 368 2090 uon
392 2043 562 2106 possumus
585 2025 661 2106 quin
680 2025 863 2092 Clrarisium
887 2025 947 2092 boe
969 2045 1094 2107 quoque
1118 2024 1189 2090 loeo
1214 2041 1396 2106 sequemur,

164 2132 221 2215 qui
254 2137 398 2198 testetur
420 2132 602 2216 Vergilium
627 2133 739 2200 Daren
767 2134 897 2200 dedisse
923 2153 981 2216 pro
1005 2134 1168 2214 Darden,
1202 2149 1395 2215 quamquam

163 2239 299 2307 nomina
322 2239 417 2306 buius
442 2240 572 2322 generis
596 2240 729 2307 tertiam
755 2241 1006 2308 declinationem
1032 2237 1259 2326 sequuntur2).

255 2346 373 2413 Omnia
397 2347 528 2414 uomina
552 2367 686 2430 quorum
711 2349 946 2415 nominativum
965 2347 1127 2415 Graecum
1150 2365 1208 2429 per
1230 2369 1260 2413 -e
1283 2344 1396 2413 termi-

162 2461 279 2522 natum
303 2455 442 2521 retinuit
458 2455 635 2538 Vergilius,
660 2455 695 2521 in
719 2456 910 2523 accusativo
931 2457 1018 2538 apud
1042 2475 1113 2522 eum
1137 2458 1260 2522 exeunt
1283 2454 1316 2520 in
1333 2474 1394 2536 -en,

163 2569 201 2630 ut
233 2562 474 2630 Andromachen
505 2561 696 2630 Hermionen
730 2562 869 2632 Hecaten
902 2565 1029 2631 Barcen
1061 2563 1186 2630 Beroen
1219 2561 1396 2645 Eriphylen

161 2671 345 2738 macunen
356 2670 540 2754 Pasiphaen
554 2670 708 2738 Homolen
723 2672 865 2754 Liparen
876 2672 1032 2738 Leucaten
1044 2671 1233 2756 Hippolyten
1244 2671 1395 2752 Alcippen

161 2780 326 2864 Eriyanen
341 2779 525 2863 Eurydicen
540 2778 722 2862 Pamphnen
738 2779 890 2846 Pallenen
902 2780 1072 2863 Rhodopen
1089 2779 1222 2865 (viginti
1239 2783 1396 2859 quattuor

161 2887 270 2971 loeis).
332 2886 366 2952 in
405 2886 549 2954 Horati
588 2887 789 2953 carminibus
833 2888 936 2953 multa
974 2887 1184 2969 reperiuntur
1227 2885 1393 2966 exempla:

161 2994 331 3062 Merionen
355 2995 499 3078 Tydiden
520 2995 653 3061 Alciden
674 2995 866 3062 Laertiaden
891 2995 1045 3080 Thyesten
1071 2995 1234 3061 Tiridaten
1254 2993 1394 3059 Pantho-

161 3104 236 3170 iden
266 3100 449 3170 Phrahaten
478 3102 609 3186 Mysten
641 3101 750 3188 nyen
780 3103 914 3187 Scythen
944 3101 1111 3169 Anchisen.
1165 3101 1270 3168 miuus
1304 3106 1395 3166 certo

162 3209 294 3277 tradita
316 3214 408 3277 sunt:
439 3210 698 3294 Bellerophonten
721 3229 748 3276 e.
773 3210 821 3277 IV
848 3211 961 3295 1128,
986 3229 1049 3292 quo
1074 3209 1242 3276 tamenin
1266 3208 1396 3275 nomine

162 3369 379 3383 .-——--——

257 3441 460 3512 1)(1.11.120.

256 3532 277 3602 ¹)
297 3533 385 3601 Supra
410 3531 468 3586 dixi
494 3532 681 3599 compendium
708 3549 719 3561 ·
751 3533 794 3586 vel
821 3563 831 3572 -
857 3548 906 3601 pro
928 3549 953 3586 m
977 3532 1074 3586 littera
1097 3533 1217 3599 positum
1241 3533 1300 3586 iure
1318 3533 1348 3585 in
1366 3549 1397 3586 -a

161 3623 279 3678 rescribi
298 3637 390 3691 posse,
413 3621 484 3689 quod
505 3637 577 3675 nune
595 3621 715 3690 probabo
735 3623 914 3692 argumentis.
952 3623 1066 3677 Acesten
1085 3623 1124 3675 sic
1142 3623 1283 3676 invenitur
1302 3621 1395 3678 1558.

161 3715 230 3782 570,
258 3712 283 3764 V
302 3712 362 3766 531.
382 3712 441 3766 746.
483 3711 580 3766 Aean
604 3712 736 3780 praebent
762 3711 868 3766 codices
895 3711 947 3764 lllR
976 3712 1087 3780 Vnae,
1115 3709 1227 3765 Aceste
1252 3711 1280 3764 M
1308 3711 1333 3763 V
1351 3713 1394 3767 30.

161 3803 290 3858 Achaea
317 3802 470 3855 invenimus
497 3801 607 3868 11333,
635 3801 741 3855 Adrate
763 3801 889 3855 scribunt
910 3801 962 3854 MR
988 3801 1086 3868 1644,
1112 3800 1254 3855 Menoeten
1280 3800 1396 3855 tradunt

161 3893 271 3948 codices
290 3889 315 3944 V
335 3891 393 3947 161.
409 3891 468 3959 173,
488 3889 626 3945 Menoete'
645 3906 692 3958 per
711 3891 899 3958 compendium
914 3891 942 3944 M
961 3890 1089 3945 1111517.
1128 3893 1308 3944 conferantur
1326 3907 1396 3957 qnae

161 3985 331 4050 sequuntur:
356 3979 411 4034 XII
429 3979 482 4034 509
507 3979 615 4034 Dioren
637 3981 685 4033 PR
711 3980 810 4035 Diore-
830 3980 865 4034 M.
904 3980 1010 4034 scribae
1033 3981 1220 4048 compendium
1245 3983 1396 4036 omiserunt

162 4073 192 4126 in
212 4070 337 4126 Mauorte
355 4069 384 4123 M
402 4069 438 4140 (V
453 4069 514 4139 173)
534 4070 666 4140 Hydoepe
684 4071 713 4124 M
735 4071 771 4142 (X
789 4071 865 4140 747),
892 4070 964 4124 falso
991 4073 1191 4138 rescripserunt
1217 4072 1245 4124 in
1271 4069 1396 4140 Nifaten

162 4161 192 4216 M
211 4163 265 4231 (ge.
285 4162 310 4215 3.
324 4159 375 4230 sa),
400 4175 453 4226 quo
471 4160 531 4214 loco
550 4159 575 4213 R
594 4160 716 4228 Niphate
736 4161 857 4229 praebet.
894 4161 988 4227 itaque
1006 4162 1229 4214 terminationem
1247 4177 1311 4228 em,
1337 4162 1395 4216 ubi-

162 4265 271 4316 cunque
301 4249 379 4306 nobis
412 4251 533 4304 occurrit
560 4251 700 4304 nominum
733 4266 848 4316 quorum
875 4252 1034 4319 genetivum
1061 4266 1108 4317 per
1136 4270 1183 4304 -oo
1210 4251 1396 4304 terminarunt

162 4339 276 4407 Graeci,
302 4355 317 4393 e
342 4339 499 4407 compendio
525 4338 596 4394 salso
622 4341 755 4408 rescripto
778 4345 868 4394 ortam
887 4355 1020 4394 essenon
1039 4341 1098 4394 sine
1117 4341 1176 4393 iure
1195 4339 1394 4395 concludemus.

161 4445 233 4496 quae
259 4444 320 4483 aum
346 4430 387 4482 ita
412 4430 482 4498 sint,
508 4429 576 4483 nihil
603 4429 757 4484 addendum
782 4435 826 4484 est
852 4429 884 4483 de
910 4430 1033 4484 codicum
1058 4430 1187 4484 lectione:
1219 4429 1345 4484 Orontem
1366 4430 1395 4483 M

162 4519 188 4588 (Ι
209 4519 272 4588 113)
298 4517 352 4572 MR
371 4517 422 4588 (VI
438 4519 503 4590 334)
528 4519 674 4574 Andvieern
692 4519 721 4574 M
740 4519 780 4589 (II
799 4521 862 4590 747)
890 4519 1021 4574 Antoren
1040 4519 1094 4574 MR
1118 4520 1154 4590 (X
1173 4520 1235 4588 779)
1262 4519 1338 4574 ΜΡΒ
1358 4519 1395 4590 (X

162 4607 228 4678 778)
245 4607 376 4666 Aebtrtern
393 4607 416 4663 P
436 4607 502 4680 (ΧΠ
513 4609 577 4680 362)
599 4609 772 4680 Thymoeten
791 4609 820 4666 M
839 4609 904 4679 (XII
917 4609 989 4679 364).
