3452 5316
950 409 995 478 50

360 623 413 705 50,
427 655 455 692 ιι
484 620 625 706 δύναμιν
649 619 825 708 αὐτόλογος
848 623 939 691 VAF
974 621 1115 707 δύναμιν
1139 621 1327 712 διηγήσεται
1352 621 1527 709 αὑιόλογος
1549 625 1580 688 M

488 739 522 798 at
544 731 754 799 substantiam
777 733 981 816 uirtutemque
1000 734 1105 815 patris
1128 735 1269 799 enuntiat
1292 733 1319 796 T
1363 730 1505 816 ‹tiuauw
1527 733 1581 820 δη-

488 836 577 926 λώσῃ
601 835 779 923 αὐτόλογος
810 839 881 904 BD.

448 965 631 1046 Lacunam,
661 984 745 1045 quae
771 965 836 1030 fuit
864 965 899 1030 in
923 964 1091 1031 codicibus
1115 965 1233 1030 elassis
1258 965 1395 1030 alterius
1419 972 1584 1031 earreetar

359 1073 450 1138 codd.
487 1073 548 1138 BD
594 1072 741 1154 explevit
786 1072 1034 1139 accuratissime
1073 1071 1242 1138 Ambrosii
1288 1075 1429 1140 maniat
1466 1091 1582 1154 graeca

358 1198 507 1247 sermone
530 1181 679 1245 reddens.

382 1307 412 1388 3,
426 1337 451 1374 ιι
486 1301 566 1391 παρ’
582 1303 707 1371 ἐκείνου
730 1302 857 1387 μάθοις
881 1305 1006 1372 AFMV
1046 1301 1126 1393 παρ’
1142 1303 1267 1371 ἐκείνου
1290 1301 1351 1392 γὰρ
1374 1302 1503 1389 μάθοις
1527 1305 1584 1370 BD

489 1415 519 1478 is
542 1414 623 1478 enirn
646 1419 674 1478 te
703 1413 731 1477 T

360 1521 412 1601 53,
426 1549 453 1590 οε
486 1517 525 1586 οὐ
547 1515 609 1606 γὰρ
625 1517 695 1603 ἅμα
719 1521 790 1586 δεῖν
805 1517 915 1585 πάντα
939 1520 1029 1586 Anu
1067 1517 1107 1585 ari
1127 1517 1188 1606 γὰρ
1210 1516 1280 1603 ἅμα
1302 1518 1370 1586 ἐστὶ
1393 1517 1503 1585 πάντα
1528 1521 1584 1586 BD

489 1623 613 1715 οὐγὰρ
637 1625 707 1710 ἅμα
731 1624 771 1714 δὴ
795 1651 830 1692 n.
855 1629 889 1693 Μ
928 1649 991 1693 nan
1014 1630 1095 1693 enirn
1119 1630 1216 1693 simut
1238 1635 1312 1694 suant
1335 1631 1443 1694 annania
1470 1629 1498 1693 T

361 1736 413 1818 70,
428 1765 454 1804 ιι
486 1731 593 1824 φλόγα
616 1735 742 1803 AFMV
789 1731 875 1822 φλόξ
903 1735 963 1800 BD
1011 1738 1057 1802 ita
1088 1743 1122 1802 ut
1151 1757 1188 1802 eu
1217 1757 1254 1802 ea
1285 1737 1369 1820 ienis
1399 1743 1427 1802 et
1449 1737 1585 1818 flamma

392 1898 394 1902 .
490 1850 657 1928 aansnraat
680 1843 717 1908 T.

490 1968 581 2033 Alibi
617 1969 677 2034 BD
713 1975 828 2034 eontra
870 1968 1101 2035 auctoritatem
1137 1969 1337 2049 reliquarum
1376 1969 1523 2035 codicum
1555 1975 1586 2034 et

489 2076 774 2157 interpretationis
798 2075 923 2142 latinae
946 2077 1034 2141 inter
1057 2096 1092 2141 se
1117 2077 1334 2142 consentiunt.

362 2201 413 2282 18,
426 2230 454 2270 aa
485 2197 578 2287 παρὰ
609 2203 669 2265 τοῦ
692 2196 891 2276 Πλούτωνος
921 2196 1094 2287 ἀκηκοέναι
1124 2199 1225 2284 λέγων
1255 2197 1417 2287 [λὲγοντος
1440 2199 1513 2287 BD]
1542 2199 1586 2275 uis

489 2303 659 2383 ἀθάνατος
684 2306 703 2394 ἡ
729 2305 818 2395 ψυχή
864 2333 884 2372 a
909 2307 1041 2374 Plutone
1065 2331 1097 2374 se
1120 2310 1249 2374 audisse
1272 2308 1464 2374 memorabat
1493 2308 1520 2373 T

361 2415 438 2496 55,ι
486 2415 541 2480 καὶ
564 2411 621 2480 τὸν
644 2411 720 2481 ὅλον
744 2413 892 2481 διαλύειν
921 2411 990 2502 [διὰ
1014 2412 1109 2480 ntea
1132 2416 1163 2480 D
1195 2412 1348 2480 incitanti
1372 2416 1411 2497 B]
1441 2411 1584 2502 mauritii-

491 2545 582 2610 ριοεν
627 2530 723 2589 tatum
747 2525 844 2588 simut
867 2525 984 2590 satuare
1007 2525 1316 2606 *praedestinavit
1346 2522 1373 2587 T

596 2649 657 2714 BD
1055 2648 1180 2717 VMAF

384 2757 415 2837 6,
430 2786 457 2825 ιο
488 2753 771 2843 προοπελάοαοαν
985 2752 1248 2844 πραοιιελάοασα

388 2865 443 2945 7,ε
491 2867 608 2928 τοῦτον
983 2860 1080 2930 οὕτω.

451 3005 601 3072 Ceterum
625 3025 855 3087 nonnunquam
879 3007 907 3071 B
931 3007 1021 3073 salus
1045 3009 1182 3086 praebet
1205 3006 1436 3072 coniecturam.

362 3131 441 3212 38,ε
489 3127 632 3218 φοβερὸς
656 3129 675 3219 ἡ
699 3128 845 3207 νόοοςΒ
890 3128 1034 3219 φοβερὸν
1059 3129 1077 3218 ἦ
1101 3128 1198 3206 νόσος
1226 3137 1286 3196 cet.
1326 3132 1453 3197 morbus
1469 3132 1585 3215 faruri-

491 3239 609 3304 ‹tabitis
643 3238 670 3303 T

363 3345 415 3427 51,
429 3376 452 3413 u
489 3344 605 3434 ἐγείρει
628 3370 664 3411 τε
688 3347 743 3413 καὶ
770 3353 831 3412 eet.
873 3344 990 3433 ἐγείρει
1013 3371 1049 3411 τε
1072 3345 1133 3433 γὰρ
1157 3347 1212 3412 καὶ
1241 3347 1268 3412 Β

364 3453 416 3534 50,
432 3483 460 3521 ιι
491 3453 546 3519 καὶ
568 3457 616 3537 τῷ
639 3458 726 3518 νοεῖν
749 3455 814 3521 MV
860 3455 914 3519 καὶ
939 3452 976 3518 nir
1001 3459 1088 3518 νοεῖν
1116 3454 1237 3518 AFBD
1285 3457 1331 3538 τῷ
1366 3472 1530 3534 suprascr.
1558 3453 1583 3517 B

494 3563 714 3646 inteltiaeutiae
736 3564 858 3627 ratione
885 3563 920 3627 T.

455 3685 561 3752 Semel
593 3687 761 3753 invenitur
791 3687 826 3752 in
858 3687 889 3752 D
919 3687 1108 3753 coniectura
1137 3705 1221 3767 quae
1244 3705 1310 3752 nan
1345 3693 1455 3752 exstat
1483 3686 1518 3751 in
1548 3685 1583 3750 B.

363 3793 415 3874 61,
430 3823 456 3862 ιε
488 3789 569 3858 ἀλλὰ
595 3793 650 3858 καὶ
673 3789 710 3858 nir
735 3795 765 3858 Ι)
812 3789 896 3859 οἶλλὰ
919 3790 954 3859 ni
982 3801 1042 3859 eet.

453 3918 591 3983 Accedit
613 3920 699 3999 quod
723 3920 848 3984 dnobus
875 3919 958 3985 loeis
983 3939 1065 3999 quae
1094 3919 1129 3983 in
1152 3919 1182 3984 D
1207 3919 1333 3984 inserta
1355 3924 1432 3984 suut
1462 3918 1496 3983 in
1521 3917 1585 3983 din·

363 4026 473 4107 legum
497 4032 630 4091 exstant
652 4028 694 4091 ad
718 4027 900 4110 marginem
925 4027 1095 4108 adscripta
1118 4027 1152 4091 in
1177 4027 1218 4091 B:

364 4151 417 4232 32,
432 4180 460 4219 ιο
490 4145 600 4216 τάττει
624 4147 758 4216 καὶτὸν
782 4149 843 4234 μὲν
870 4152 901 4216 D
946 4149 1071 4216 τάττει·
1096 4147 1236 4234 τὸνμὲν
1264 4151 1391 4219 MVAF

496 4257 529 4322 in
552 4259 580 4322 B
604 4259 659 4324 καὶ
683 4259 829 4324 additum
855 4259 888 4323 in
912 4278 1015 4340 marg.

364 4366 417 4447 42,
431 4395 458 4435 ει
492 4357 577 4431 εἶναι
601 4362 732 4454 ἔφασαν
753 4367 856 4432 καὶΙ)
896 4358 981 4433 εἶναι
1004 4367 1059 4432 καὶ
1077 4366 1202 4434 MVAF
1226 4363 1354 4453 ἔφασαν
1371 4365 1405 4430 in
1423 4383 1527 4449 marg.
1551 4365 1586 4430 B.

455 4493 570 4572 Itaque
599 4500 739 4575 apparet
766 4493 910 4558 scribam
934 4493 1057 4558 eadieis
1081 4491 1308 4557 Bruxelleusis
1332 4489 1587 4576 (Diassorinum)

364 4599 570 4665 coniecturas
594 4600 844 4683 Palaeaeappae
868 4600 1147 4683 transscripsisse.
