3442 5324
667 425 876 526 ,νη

154 640 370 721 spectandum
395 647 481 722 erat,
507 647 543 706 ut
566 640 645 706 illae
667 640 846 721 qualibet
870 643 913 707 de
938 660 1056 706 causa
1080 640 1198 707 initio
1224 641 1385 708 fabulae

156 747 245 828 ipso
269 747 310 811 in
332 766 512 814 scaenam
536 748 742 830 prodirent
766 753 864 829 atque
892 748 978 814 alias
1001 767 1159 830 personas
1183 750 1312 814 domum
1335 749 1386 814 in-

156 858 249 918 trare
273 853 367 933 quasi
392 853 613 936 prohiberent.

248 958 327 1026 (lum
352 961 437 1026 enim
462 961 496 1027 iu
521 962 680 1028 Hecuba
705 961 820 1028 fabula
843 962 960 1044 regina
983 962 1043 1028 illa
1066 962 1188 1045 quippe
1212 980 1295 1043 quae
1318 981 1386 1029 om-

155 1068 256 1133 nibus
279 1071 376 1134 rebus
400 1069 537 1151 agendis
561 1070 720 1135 interesse
740 1071 886 1152 deberet,
919 1070 1003 1135 nihil
1026 1069 1163 1135 haberet
1186 1089 1305 1136 causae
1328 1089 1387 1136 cur

155 1176 308 1242 detecto
331 1176 493 1258 prodiret,
519 1177 593 1242 fieri
615 1196 681 1243 non
703 1177 866 1259 potuisset
888 1177 967 1257 quin
991 1195 1102 1243 omnes
1126 1196 1179 1242 res
1203 1177 1293 1242 intra
1315 1183 1385 1242 tcn-

155 1283 280 1348 torium
303 1283 558 1365 Agamemnonis
586 1290 778 1367 agerentur,
810 1283 875 1350 nisi
905 1283 1083 1366 Euripides
1112 1283 1273 1350 somnium
1302 1283 1386 1350 illud

156 1389 324 1471 finxisset,
354 1409 416 1470 quo
441 1396 603 1456 commota
625 1391 685 1457 illa
713 1391 810 1457 initio
835 1390 969 1457 fabulae
997 1391 1032 1456 iu
1056 1409 1209 1458 scaenam
1232 1392 1386 1472 proceda-

156 1503 211 1562 ret
233 1498 314 1564 hacc
338 1498 527 1564 exclamans
551 1497 594 1584 (v.
613 1497 774 1584 59-61):

374 1619 483 1706 ἄγετ’,
507 1614 534 1688 ιό
556 1625 714 1699 παῖδες,
738 1620 806 1711 τὴν
828 1626 949 1712 γραῦν
972 1621 1048 1712 πρό
1072 1620 1217 1706 δόμων,

372 1726 458 1815 ἄγετ’
480 1727 645 1819 όρθοῦσσι
668 1727 727 1820 τὴν
751 1729 942 1815 ὁμόδουλον,

377 1835 540 1928 Τρῳάδες,
564 1833 653 1922 ὑμῖν,
677 1835 810 1925 πρόσθε
833 1836 863 1905 δ’
885 1834 1053 1905 ἄνασσαν·

156 1953 257 2027 atque
282 1967 312 2014 v.
330 1946 479 2013 68-70:

373 2047 400 2116 ul
424 2048 570 2141 στεροπά
593 2050 685 2131 Διός,
709 2044 736 2118 ὦ
759 2051 874 2120 σκοτία
897 2049 966 2136 νύξ,

372 2158 406 2225 τό
429 2156 503 2226 ποτ’
526 2161 665 2248 αἴρομαι
689 2156 821 2240 ἔννυχος
844 2156 930 2226 οὕτω

374 2267 509 2350 δείμασι
532 2263 725 2355 φόσμασινς

250 2393 300 2460 Ob
334 2394 468 2459 eandem
502 2412 634 2460 oausam
668 2393 939 2459 Andromacha
971 2393 1014 2458 ad
1046 2393 1202 2475 templum
1236 2393 1386 2458 Thetidis

157 2501 271 2583 regiae
296 2501 480 2583 proximum
504 2500 655 2584 confugit
678 2501 760 2567 hacc
783 2501 895 2567 dicens
919 2500 963 2587 (v.
980 2501 1143 2586 41-44):

267 2627 323 2693 καὶ
339 2629 396 2692 νῦν
411 2623 482 2692 κατ’
499 2627 608 2702 οἴκους
624 2623 690 2693 ἔστ’
706 2626 763 2712 (sc.
774 2623 960 2710 Μενέλεως)
977 2621 1045 2690 άπὸ
1061 2621 1218 2714 Σπάρτης
1232 2622 1342 2709 μολών

269 2730 321 2800 ἐπ’
343 2730 425 2800 αὐτό
447 2736 564 2799 τοῦτο·
597 2730 889 2819 δειματονμένη
913 2730 942 2798 δ’
966 2730 1037 2816 ἐγὼ

268 2838 398 2925 δόμων
420 2837 612 2930 πάροικον
638 2837 804 2917 Θέτιδος
827 2838 885 2917 εἰς
906 2836 1124 2928 ἀνάκτορον

267 2946 406 3015 θάσσω
429 2945 507 3016 τόδ’
530 2945 698 3026 ἐλθοῦσ’,
723 2945 767 3036 ἢν
789 2973 836 3031 με
858 2945 1009 3035 κωλόση
1033 2953 1189 3026 θανεῖν,

159 3095 225 3156 qua
248 3076 377 3141 ratione
401 3075 598 3156 efficeretur,
627 3080 664 3140 ut
679 3093 900 3155 quaecumque
923 3093 1083 3156 personae
1103 3093 1175 3140 cunr
1203 3074 1264 3139 illa
1287 3074 1387 3139 collo-

158 3191 296 3250 cuturae
325 3191 446 3263 essent,
476 3182 529 3248 vel
558 3203 598 3248 ex
621 3183 716 3264 regia
739 3183 802 3247 huc
825 3181 996 3264 prodirent
1018 3181 1086 3263 vel,
1116 3181 1145 3247 si
1173 3181 1306 3247 aliunde
1330 3181 1387 3248 ad-

158 3291 338 3372 venissent,
364 3293 405 3356 ab
430 3309 469 3356 ea
492 3290 617 3356 intrare
642 3289 903 3372 prohiberentur.

249 3398 363 3479 Neque
386 3397 455 3464 alia
471 3399 511 3463 de
534 3417 635 3464 causa
658 3398 693 3462 in
716 3397 953 3478 TroadibuS,
979 3415 1050 3461 cum
1076 3396 1219 3462 feminae
1236 3395 1389 3478 captivae

160 3507 250 3572 intra
282 3504 458 3571 tentorium
490 3504 618 3586 regium
650 3509 878 3584 versarentur,
912 3504 984 3569 sola
1015 3503 1153 3569 Hecuba
1185 3504 1227 3568 ad
1259 3509 1387 3585 portam

160 3614 267 3696 ipsam
291 3595 475 3695 procubuit,
500 3612 534 3678 id
557 3612 644 3692 quod
666 3631 708 3677 ex
731 3611 783 3677 bis
807 3609 919 3678 verbis
942 3617 1082 3693 apparet
1105 3609 1149 3696 (v.
1168 3608 1331 3696 32—34):

375 3733 452 3803 όσαι
476 3733 505 3803 δ’
529 3732 664 3826 ἄκληροι
692 3732 858 3824 Τρῳάδων
880 3731 949 3801 ὑπὸ
973 3732 1104 3819 στέγαις

375 3841 483 3911 ταῖσδ’
506 3841 573 3911 εἰσὶ
595 3849 666 3920 τοῖς
689 3839 872 3932 πρώτοισιν
896 3839 1094 3930 ἐξῃρημέναι

378 3955 521 4040 στρατοῦ
545 4004 552 4020 .
579 4005 586 4019 .
612 4003 619 4018 .

163 4069 195 4127 et
217 4083 248 4128 v.
267 4061 415 4126 36-38:

375 4162 443 4256 τὴν
467 4163 497 4233 δ’
519 4163 666 4232 α’θλόαν
689 4161 792 4254 τήνδ’
814 4165 851 4230 εἲ
872 4187 933 4240 τις
956 4161 1118 4252 εἰσορᾶν
1142 4160 1270 4240 θέλει,

376 4271 568 4362 πάρεστιν
592 4269 725 4361 Ἑκάβη
749 4268 908 4359 κειμένη
931 4270 1062 4337 πυλῶν
1084 4267 1211 4359 πάρος

377 4379 504 4469 δάκρυα
527 4379 649 4462 χέουσα
673 4375 780 4446 πολλὰ
803 4379 858 4445 καὶ
882 4377 1013 4444 πολλῶν
1035 4374 1131 4464 ὕπερ.

252 4507 328 4574 Nisi
357 4507 443 4574 enim
466 4507 603 4573 Hecuba
630 4509 672 4572 ab
696 4505 792 4571 initio
816 4504 851 4569 in
875 4521 995 4570 scaena
1018 4501 1196 4582 adfuisset,
1226 4501 1315 4567 intra
1339 4499 1391 4566 fa-

166 4615 274 4683 bulam
298 4615 405 4698 ipsam
428 4634 486 4681 cur
510 4615 549 4680 de
573 4613 715 4680 tentorio
740 4612 846 4678 exiret
869 4631 932 4678 non
956 4609 1135 4676 habuisset.
