3462 5312
764 412 825 478 197

689 503 900 512 ——.——-...

175 624 323 690 omnium
348 625 491 691 Senecae
515 625 759 708 tragoediarum
806 625 974 692 deverbiis
1014 625 1079 706 3,3
1115 625 1255 690 canticis
1302 626 1367 707 4,8

176 731 341 799 Octaviae
880 785 893 815 ,
1009 731 1110 817 0,51)
1189 784 1203 814 ,
1301 730 1409 817 l,3¹).

270 927 323 993 Ex
346 929 408 994 hoc
427 935 604 1010 conspeetu
627 935 767 1010 apparet
790 929 824 994 in
848 928 995 994 centenis
1011 928 1163 994 versibus
1180 929 1408 995 deverbiorum

175 1035 322 1102 senariis
347 1037 376 1117 3,
391 1035 421 1118 3,
447 1034 481 1101 in
497 1036 644 1102 centenis
661 1036 812 1102 versibus
829 1036 1030 1102 cantieorum
1048 1034 1164 1119 lyricis
1188 1036 1251 1117 4,8
1275 1035 1409 1102 nomina

177 1143 310 1211 Graece
325 1143 411 1210 flexa
435 1143 587 1209 inveniri.
626 1143 712 1227 Quin
735 1143 852 1210 iisdem
870 1143 988 1224 causis,
1014 1161 1097 1224 quae
1113 1162 1214 1225 supra
1231 1144 1409 1208 conceden-

176 1252 242 1316 dae
275 1256 383 1332 erant,
416 1248 566 1316 effectum
599 1251 657 1331 sit,
691 1257 728 1316 ut
759 1251 855 1332 copia
886 1251 1088 1317 Graecarum
1120 1249 1300 1315 formarum
1331 1249 1411 1315 illae

179 1358 267 1423 duae
284 1356 530 1439 tragoediarum
550 1364 662 1439 partes
686 1357 735 1423 ita
752 1358 883 1440 distent,
908 1375 1001 1422 nemo
1019 1357 1194 1422 dubitabit.
1234 1357 1412 1422 Praeterea

179 1464 217 1528 id
242 1483 307 1552 non
337 1462 422 1528 nihil
445 1462 592 1530 valuisse
620 1471 713 1546 puto,
754 1464 838 1544 quod
863 1465 987 1531 Seneca
1011 1463 1239 1531 deverbiorum
1269 1462 1412 1530 senariis

178 1570 312 1638 Graeca
340 1569 468 1651 quidem
500 1578 695 1653 argumenta
725 1571 854 1637 ratione
878 1572 1098 1637 Romanorum
1128 1570 1292 1636 mentibus
1325 1589 1410 1636 com·

176 1677 277 1743 moda
300 1677 506 1758 retractavit,
535 1677 592 1742 sed
616 1685 794 1760 praecepta
817 1677 900 1744 artis
924 1677 1124 1758 rhetoricae,
1149 1696 1245 1757 quam
1270 1677 1411 1742 Romani

178 1782 473 1866 amplectebantur,
488 1802 584 1865 quam
601 1783 855 1867 diligentissime
868 1784 1060 1850 observavit
1072 1802 1174 1864 eaque
1186 1783 1221 1848 in
1234 1803 1269 1848 re
1281 1783 1409 1849 modum

176 1910 285 1972 paene
309 1891 460 1973 excessit,
486 1892 521 1956 in
542 1891 682 1957 canticis
706 1899 824 1973 autem,
849 1891 968 1972 quihus
993 1891 1027 1956 di
1051 1892 1194 1971 deaeque
1218 1891 1408 1973 plerumque

178 1998 383 2064 Graecorum
417 1998 628 2080 invocantur,
669 1999 853 2081 pangendis
893 2018 958 2064 non
993 1999 1096 2064 solum
1133 2018 1248 2064 versus
1283 1997 1407 2082 lyricos

178 2124 287 2186 nuper
312 2104 453 2170 maxime
477 2108 519 2171 ab
543 2106 684 2172 Horatio
710 2106 743 2170 in
767 2106 988 2172 Romanorum
1018 2105 1149 2171 litteras
1178 2105 1329 2171 inductos
1353 2105 1410 2170 ad-

176 2210 304 2294 hibuit,
336 2211 392 2278 sed
417 2211 516 2278 etiam
540 2212 576 2278 in
601 2213 740 2278 Graecis
765 2213 881 2278 formis
913 2213 1085 2278 servandis
1112 2211 1204 2279 illius
1228 2213 1409 2278 carminum

178 2338 275 2385 usum
299 2339 338 2385 ac
361 2319 524 2385 rationem
547 2326 678 2386 secutus
702 2327 762 2386 est.

745 2553 764 2635 ᾗ
791 2553 840 2618 10.

564 2678 619 2742 De
643 2696 785 2759 genere
809 2678 1021 2744 scribendi.

268 2819 314 2886 Ut
346 2839 594 2903 cognoscamus
626 2821 703 2901 quid
735 2822 830 2887 varia
860 2821 1040 2888 cauuinum
1076 2841 1198 2904 genera
1229 2824 1270 2888 ad
1302 2823 1405 2890 Grae-

175 2945 299 3006 corum
326 2926 450 2992 formas
481 2929 662 2994 servandas
692 2929 869 3010 valuerint,
901 2935 1109 3012 conspectum
1141 2930 1288 3010 quintum
1320 2948 1406 2995 com-

175 3033 286 3116 posui,
319 3034 354 3099 in
382 3053 444 3114 quo
474 3034 612 3100 alterius
641 3042 833 3118 conspectus
864 3035 987 3102 senuas
1017 3037 1162 3103 Graecas
1193 3043 1344 3102 servatas
1374 3045 1406 3102 et

67 3136 70 3142 ’
175 3145 320 3206 mutatas
345 3141 495 3206 contraxi
521 3142 662 3207 omnium
687 3149 872 3224 poetarum,
903 3143 959 3224 qui
983 3143 1070 3208 idem
1093 3162 1197 3225 genus
1225 3143 1405 3209 carminum
1444 3133 1446 3136 ’

175 3247 357 3313 coluerunt.
412 3247 457 3312 ut
487 3249 625 3314 distinxi
662 3250 809 3315 carmina
841 3251 990 3317 heroica:
1027 3251 1154 3316 Lucani
1185 3251 1405 3334 Pharsaliam,

175 3354 291 3422 Valeri
316 3354 431 3420 Flacci
456 3355 697 3438 Argonautica,
734 3356 796 3423 Sili
824 3357 937 3422 italici
966 3357 1106 3439 Punica,
1142 3358 1282 3423 Iliadem
1311 3359 1405 3424 Lati-

175 3481 261 3543 nam,
280 3461 366 3528 Stati
383 3463 584 3528 Thebaidem
601 3470 634 3530 et
650 3463 884 3544 Achilleidem3
917 3465 1066 3551 carmina
1081 3465 1265 3531 didactica:
1291 3465 1404 3534 Gratti

176 3569 385 3652 cynegetioa,
438 3570 557 3635 Manili
593 3571 828 3650 astronomica,
878 3571 1068 3637 Germanici
1103 3573 1328 3654 phaenomena
1374 3578 1406 3638 et

175 3677 462 3758 prognosticorum
487 3678 683 3760 fragmenta,
714 3678 914 3744 Columellae
937 3679 1059 3745 librum
1082 3680 1114 3744 X
1145 3682 1184 3745 de
1208 3699 1244 3744 re
1268 3681 1403 3762 rustica,

176 3785 304 3848 Aetnae
336 3802 469 3866 poema,
511 3785 700 3867 tragoedias
734 3785 877 3851 Senecae
910 3793 943 3851 et
975 3787 1147 3853 Octaviam
1181 3793 1402 3869 praetextam

177 3889 417 3972 epigrammata
432 3891 585 3975 Priapes,
603 3911 687 3973 quae
703 3899 879 3975 supersunt
892 3893 1080 3960 Germanici
1098 3893 1242 3960 Senecae
1257 3895 1403 3977 Petroni,

177 3997 343 4064 Martialis
366 3996 471 4064 libros
495 3999 592 4083 xlv,
624 4006 756 4066 saturas
779 4001 874 4067 Persi
898 4001 1033 4066 Petroni
1057 4001 1236 4084 Iuvenalis,
1261 4002 1404 4068 Senecae

176 4104 476 4188 apocolocyntosin.

268 4338 287 4404 ¹)
308 4337 385 4404 Quod
411 4340 438 4392 in
459 4340 575 4393 Octavia
594 4339 739 4408 tragoedia
760 4355 809 4408 pro
828 4345 892 4394 rata
910 4343 990 4407 parte
1013 4339 1100 4393 multo
1119 4341 1262 4407 pauciores
1281 4341 1403 4395 Graecae

175 4425 282 4480 formae
300 4428 488 4496 inveniuntur,
507 4430 626 4482 materia
651 4428 813 4497 explicatur,
833 4445 902 4496 quae
921 4430 949 4482 in
969 4428 1018 4482 illa
1037 4428 1151 4484 totidem
1172 4429 1273 4484 Latina
1292 4431 1402 4484 uomina

176 4516 297 4584 praebet,
316 4522 384 4583 quot
402 4517 508 4570 Graeca
528 4516 600 4584 apud
619 4517 756 4572 Senecam.
