3442 5324
643 435 770 532 --.49
803 528 846 532 -.

131 647 205 728 ipsa
241 647 430 728 plerumque
463 648 613 713 seiuncta
647 649 747 730 longa
780 648 929 714 oratione
966 648 1041 714 illas
1074 667 1126 714 res
1162 648 1360 730 praeteritas

131 753 290 840 explicat,
325 753 506 835 dequibus
531 755 928 835 quamquaminscaena
957 755 1030 836 ipsa
1058 773 1168 821 coram
1196 762 1360 837 spectato-

133 859 227 925 ribus
251 859 366 942 peragi
391 880 454 925 11011
478 866 640 942 poterant,
666 867 774 926 tamen
791 861 894 927 celari
917 881 981 926 non
1005 863 1124 926 debent
1147 867 1358 943 spectatores.

221 967 347 1050 Quibus
377 967 524 1049 prologis
549 968 672 1034 actioni
703 968 768 1049 ipsi
793 968 993 1050 praepositis
1016 968 1208 1050 Euripides,
1240 969 1361 1050 quippe

130 1092 227 1153 quem
250 1075 337 1140 haud
355 1074 485 1156 lugeret
507 1075 574 1141 nisi
590 1075 719 1158 magnis
743 1095 815 1140 cum
832 1076 1055 1157 pravitatibus
1079 1075 1153 1141 fieri
1173 1095 1237 1140 11011
1253 1094 1359 1158 posse,

129 1189 166 1246 ut
202 1200 255 1246 res
290 1181 325 1246 in
359 1182 586 1264 longissimum
627 1183 769 1266 spatium
806 1183 963 1264 temporis
1002 1183 1171 1264 dispersae
1211 1182 1361 1264 angustis

129 1288 227 1353 unius
252 1288 318 1353 diei
348 1289 468 1355 finibus
492 1290 840 1372 circumcluderentur,
871 1309 1091 1370 quaecumque
1119 1308 1172 1356 res
1196 1289 1271 1355 huic
1295 1289 1361 1354 diei

127 1403 377 1461 antecesserunt
407 1417 463 1462 eas
493 1400 536 1462 ab
564 1398 694 1463 actione
724 1398 798 1480 ipsa
826 1398 924 1478 plane
953 1397 1099 1462 seiunxit
1128 1397 1290 1462 rationem
1319 1398 1360 1462 ab

128 1503 294 1586 Aeschylo
320 1509 353 1568 01
375 1503 536 1584 Sophocle
560 1505 743 1569 adhibitam
767 1504 915 1570 consulto
939 1503 1178 1584 derelinquens.

219 1609 333 1690 Neque
367 1617 476 1676 tamen
511 1611 684 1691 quisquam
714 1611 890 1676 mirabitur
922 1609 1130 1692 Euripidem,
1166 1608 1361 1692 praesertim

126 1735 201 1781 cum
231 1735 296 1781 non
324 1723 391 1781 tam
420 1719 623 1782 enarrandas
652 1736 748 1797 quam
780 1717 814 1782 in
844 1737 965 1783 scaena
988 1718 1193 1798 peragendas
1217 1735 1270 1781 res
1302 1717 1359 1780 ad-

126 1832 266 1904 amaret,
291 1823 454 1889 interdum
547 1827 658 1889 eodem
674 1826 769 1889 modo
794 1831 891 1905 atque
908 1824 1099 1905 Sophoclem
1124 1863 1166 1868 —
1190 1842 1243 1888 res
1264 1822 1360 1888 initio

129 1930 267 1995 fabulae
291 1930 418 2011 priores
443 1931 567 1996 actioni
591 1931 656 2013 ipsi
681 1931 878 1997 innexuisse.

222 2038 337 2117 Itaque
353 2039 493 2120 primum
516 2038 646 2118 quidem
670 2058 725 2104 eos
740 2039 831 2104 locos
848 2038 1099 2118 consideremus,
1125 2037 1242 2117 quibus
1266 2056 1361 2118 quas

128 2163 194 2210 res
217 2144 281 2209 vel
304 2144 421 2210 semel
445 2144 508 2211 vel
532 2145 690 2226 saepius
720 2152 810 2210 ante
835 2164 916 2210 eum
941 2145 1039 2209 diem
1067 2151 1251 2227 peractas
1275 2163 1361 2209 esse

128 2271 300 2333 persona
328 2251 621 2339 προλογίζουσα
650 2253 736 2334 ipsa
760 2253 996 2334 explicavit,
1027 2254 1180 2318 eaedem
1205 2259 1361 2335 specta-

128 2358 287 2424 toribus
310 2360 433 2424 denuo
458 2367 548 2424 ante
573 2361 708 2426 oculos
733 2366 936 2442 ponuntur.
1109 2358 1115 2376 '

220 2465 363 2548 Prologo
410 2466 496 2531 enim
543 2467 746 2548 cognominis
793 2467 927 2533 fabulae
970 2467 1241 2532 Andromacha
1287 2467 1361 2548 ipsa

129 2579 279 2653 enarrat,
310 2579 451 2653 quantae
475 2574 692 2639 contumeliae
720 2574 785 2640 sibi
814 2577 856 2639 ab
880 2573 1061 2640 Hermiona
1089 2573 1288 2638 afferantur:
1325 2593 1360 2638 se

129 2699 256 2745 veneno
286 2679 436 2745 adhibito
466 2679 613 2761 efficere,
646 2688 682 2746 111
704 2681 885 2746 Hermiona
909 2681 982 2763 ipsa
1009 2680 1125 2745 liberis
1149 2687 1262 2745 careat
1286 2687 1362 2745 010

129 2786 252 2851 marito
283 2794 472 2868 spernatur,
505 2806 608 2867 neque
632 2788 806 2868 quicquam
835 2787 925 2853 aliud
949 2794 1099 2869 spectare
1135 2787 1200 2852 nisi
1228 2793 1264 2852 ut
1288 2787 1362 2868 ipsa

129 2913 227 2973 quam
267 2893 437 2960 celerrime
473 2895 566 2960 doino
607 2895 785 2977 relegetur,
826 2914 887 2975 quo
924 2895 1070 2960 securius
1105 2894 1218 2961 vivere
1257 2894 1362 2974 possit

128 3000 187 3086 (cf.
214 3021 245 3066 v.
263 3001 413 3066 31-35:

348 3129 460 3201 κακοῖς
483 3123 568 3213 πρὸς
591 3122 693 3214 αὐτῆς
717 3125 879 3206 σχετλίαις
903 3122 1092 3209 ε’λαῦναμαι.

346 3229 430 3317 λέγει
453 3229 526 3321 γάρ,
550 3229 595 3309 ὥς
619 3259 669 3298 νιν
693 3231 919 3322 φαρμάκοις
942 3231 1228 3319 κεκρυμμένοις

346 3337 481 3428 τίθημ’
506 3337 658 3407 ἄπαιδα
681 3341 745 3407 καί
769 3338 885 3406 πόσει
908 3338 1167 3428 μισαυμὲνην,

347 3443 444 3535 αὐτὴ
469 3445 661 3513 devalata
685 3440 793 3514 οἶκον
816 3444 896 3512 ἀντ’
921 3445 1041 3534 αὐτῆς
1063 3445 1168 3513 θέλω

346 3550 434 3619 τόνδ’
458 3552 641 3640 ἐκβαλοῦσα
665 3552 782 3643 λέκτρα
805 3551 956 3642 τάκείνης
978 3553 1060 3642 βίᾳ).

222 3678 286 3744 Η10
329 3677 433 3760 igitur
476 3679 636 3746 conviciis
683 3679 742 3744 illa
780 3679 1029 3745 Andromachae
1072 3679 1253 3745 maledixit.
1312 3680 1361 3745 Eo

131 3785 240 3869 magis
271 3792 322 3851 cst
348 3785 547 3868 mirandum,
580 3789 665 3866 quod
688 3787 868 3852 Hermiona
896 3787 951 3852 ubi
982 3787 1121 3868 primum
1152 3786 1186 3851 111
1210 3806 1360 3852 scaenam

133 3891 305 3975 processit,
332 3895 461 3958 easdem
485 3913 538 3959 res
555 3893 609 3960 vel
632 3893 748 3960 iisdem
774 3913 833 3959 usa
856 3894 968 3959 verbis
984 3895 1232 3959 Andromachae
1257 3896 1361 3959 denuo

222 4161 255 4215 de
275 4163 384 4229 Arnim,
409 4159 442 4215 de
460 4161 636 4231 prologorum
657 4159 865 4229 Euripideorum
884 4165 944 4215 arte
964 4165 992 4215 01
1011 4159 1236 4228 interpolatione,
1260 4161 1361 4230 Gryph.

313 4249 381 4304 1882
401 4250 488 4320 (diss.)
507 4266 533 4318 p.
546 4251 582 4304 80
592 4266 631 4316 sq.

221 4340 335 4409 Fronte,
355 4338 388 4394 de
406 4339 560 4394 comoediae
579 4341 682 4394 atticae
700 4340 831 4409 prologis,
851 4342 965 4408 Argent.
987 4340 1064 4406 1881,
1085 4339 1149 4395 diss.

222 4430 271 4485 Ph.
286 4430 379 4498 Fabia,
399 4429 439 4484 les
458 4429 604 4500 prolognes
623 4429 656 4483 de
675 4430 803 4496 Terence,
823 4429 903 4482 Paris
926 4429 993 4482 1888
1012 4446 1036 4496 p.
1051 4431 1092 4482 811.

223 4520 268 4573 Er.
284 4520 346 4586 beo,
366 4519 488 4576 Plautia.
503 4519 612 4574 Eorsch.
633 4535 657 4587 p.
674 4519 774 4586 11201,

224 4609 377 4669 1111011101,
397 4609 475 4676 Soph.
497 4609 608 4663 Electra
626 4625 651 4676 p.
665 4611 699 4661 84
710 4625 749 4676 sq.

190 4751 311 4803 Falach,
331 4751 424 4804 Quibus
440 4751 553 4793 artitiriis
568 4750 687 4794 adhibitis
702 4751 794 4802 tragici
809 4781 814 4793 .
830 4784 835 4793 .
850 4781 855 4793 .
