3496 5310
902 389 945 460 46

820 483 1031 494 ---..

314 626 387 676 esse
411 605 484 675 ideo
508 607 649 675 maxinm
678 607 756 674 mihi
780 627 972 690 persuasum
1003 613 1068 690 est,
1101 609 1187 691 quod
1218 608 1318 676 etiam
1342 606 1541 690 Tibullus,

313 716 368 798 qui
392 735 531 797 perraro
556 715 704 783 Graecas
728 716 978 782 terminationes
1003 715 1168 799 adhibuit,
1200 717 1313 782 eadem
1347 715 1402 782 via
1433 715 1484 780 his
1509 715 1542 780 in

312 823 498 889 nominibus
533 822 730 904 recipiendis
766 823 937 906 ingressus
973 831 1038 906 est,
1079 842 1144 906 qua
1182 822 1333 890 Catullus
1373 822 1542 905 Vergilius

312 929 481 996 Horatius.
538 949 613 995 narn
651 931 753 1013 Tyros
788 934 823 995 et
858 929 954 997 Delos
989 949 1053 997 non
1088 932 1244 1012 mutavit,
1284 939 1397 996 cetera
1433 929 1543 994 omnia

310 1038 444 1103 nomina
468 1037 607 1118 quaein
631 1059 684 1104 -us
709 1045 838 1118 exeunt,
864 1039 906 1103 ad
929 1038 1002 1104 loca
1026 1058 1089 1104 uon
1111 1042 1275 1120 spectant.
1307 1039 1424 1103 mirum
1439 1037 1544 1120 igitur

313 1165 375 1210 nou
406 1151 471 1226 est,
503 1147 589 1226 quod
623 1145 721 1211 etiam
746 1144 983 1226 Propertius
1009 1147 1112 1230 Tyros
1139 1143 1249 1212 Oricos
1271 1145 1409 1212 Isthmos
1432 1145 1545 1210 Palma

312 1251 402 1319 Ilion
425 1252 526 1331 dixit,
562 1252 691 1336 reliqua
723 1261 831 1318 autem
869 1254 999 1318 nomina
1033 1253 1065 1318 in
1099 1253 1252 1320 Latinam
1288 1252 1543 1318 declinationem

312 1359 475 1440 traduxit3
510 1378 613 1441 neque
645 1359 749 1443 magis
785 1362 915 1439 mirum,
955 1361 1040 1442 quod
1072 1360 1236 1426 nominum
1273 1377 1357 1442 quac
1385 1359 1418 1424 in
1443 1359 1544 1425 Ovidi

313 1467 407 1534 libris
431 1467 572 1533 Graecis
597 1467 886 1534 terminationibus
910 1467 1065 1550 praedita
1089 1474 1180 1552 sunt,
1212 1468 1369 1550 pleraque
1394 1466 1466 1532 loca
1490 1467 1545 1532 vel

312 1575 462 1659 regiones
497 1575 550 1641 vel
585 1574 718 1641 flumina
754 1574 916 1642 Graeciae
956 1575 1161 1659 significant,
1202 1593 1242 1642 ea
1277 1593 1361 1656 quae
1397 1593 1456 1656 per
1490 1595 1545 1640 -us

313 1683 445 1748 litteras
467 1682 637 1764 finiuntur,
663 1682 771 1748 omnia
796 1682 867 1748 lere
891 1701 1106 1764 personarum
1132 1687 1220 1748 sunt.

402 1789 508 1857 Simili
531 1790 625 1856 modo
649 1789 874 1856 accusativum
898 1790 1012 1855 bonurn
1042 1790 1206 1856 nominum
1238 1794 1357 1872 poetae
1380 1789 1543 1857 Craecum

223 1889 226 1894 ’
314 1897 539 1979 retinuerunt,
579 1915 773 1979 quamquem
812 1919 867 1964 -ou
904 1898 1095 1964 terminatio
1134 1898 1208 1980 plns
1242 1896 1459 1963 dubitationis
1495 1895 1543 1962 eis

312 2005 429 2072 iniecit
444 2024 541 2086 qnam
557 2027 616 2072 -os,
648 2005 831 2072 Catullus
850 2006 981 2086 quidem
997 2006 1060 2072 hac
1083 2005 1318 2072 terminatione
1341 2004 1390 2071 uti
1414 2003 1543 2071 veritus

312 2111 414 2198 est¹);
450 2114 484 2177 in
511 2111 667 2196 Vergili
702 2111 849 2179 Aeneide
881 2133 898 2178 e
934 2113 1081 2179 codicum
1116 2113 1313 2180 lectionibus
1348 2112 1543 2178 concludere

311 2238 484 2304 possumus
512 2241 566 2286 cu
597 2225 738 2302 aposta
763 2221 903 2302 positum
928 2239 1001 2288 esse
1025 2238 1085 2303 pro
1108 2243 1177 2288 ·am
1200 2220 1266 2286 illis
1289 2221 1369 2286 locis
1403 2238 1483 2300 quos
1507 2219 1542 2284 in

313 2327 416 2394 tertia
440 2327 652 2411 paragrapho
677 2327 834 2394 collectos
861 2329 995 2412 protuli.
1043 2335 1183 2410 apparet
1213 2328 1317 2411 igitur
1347 2332 1381 2393 et
1408 2345 1543 2394 causam

313 2434 427 2518 fuisse,
453 2454 518 2516 qua
540 2436 692 2502 commoti
717 2435 847 2501 librarii
871 2436 965 2502 modo
989 2457 1055 2503 um
1081 2437 1174 2503 modo
1199 2457 1252 2502 -ou
1276 2435 1481 2518 scripserint,
1509 2440 1544 2500 et

313 2542 520 2609 accusativos
543 2561 603 2628 per
625 2565 680 2610 -ou
703 2544 901 2610 terminatos
924 2543 1044 2625 optime
1068 2561 1140 2609 cum
1165 2542 1377 2610 nominativis
1397 2542 1542 2610 Graeco-

311 2671 382 2719 rum
407 2669 497 2717 more
521 2648 624 2716 iactis
641 2651 823 2720 concinere.
856 2671 931 2717 nam
948 2652 1065 2717 mirum
1089 2670 1169 2718 sane
1193 2656 1281 2717 esset
1305 2650 1429 2717 scribas
1453 2649 1543 2716 nullo

312 2759 383 2824 loco
407 2758 439 2825 in
465 2777 607 2824 errorem
633 2759 784 2825 inductos
805 2777 889 2841 esse,
914 2760 970 2824 ubi
991 2760 1121 2826 nomina
1139 2760 1271 2826 Graeca
1295 2777 1379 2840 quae
1402 2758 1542 2824 alteram

313 2865 565 2932 declinationem
584 2871 699 2933 secuta
716 2873 802 2950 sunt,
828 2866 877 2932 eis
899 2875 1111 2933 occurrerent
1128 2866 1275 2948 exceptis
1292 2866 1343 2931 his
1359 2865 1543 2931 nominibus

312 2973 555 3058 geographicis,
594 2974 660 3040 uisi
699 2993 818 3042 revera
856 2976 937 3040 haec
968 2994 988 3040 a
1020 2973 1166 3058 Vergiho
1198 2980 1352 3055 exempta
1384 2978 1543 3039 esseute

313 3081 534 3148 declinatione
558 3081 691 3147 Latina.

401 3188 606 3255 Horatium
631 3189 794 3256 Graecam
819 3189 1081 3257 terminationem
1109 3208 1260 3256 servasse
1290 3189 1324 3255 in
1355 3188 1542 3254 nominihus

313 3297 594 3379 geographicis
626 3297 690 3363 iam
723 3298 871 3365 diximus.
919 3297 1060 3364 Latinas
1092 3297 1341 3364 terminationes
1373 3295 1464 3363 dedit
1490 3296 1542 3361 his

313 3404 512 3470 nominibus:
560 3406 750 3472 Antiochum
788 3407 925 3472 Aeacum
963 3407 1163 3472 Antilochum
1202 3403 1321 3489 Cyrum
1364 3402 1543 3472 Caucasum

311 3511 521 3596 Hippolytum
550 3513 673 3597 Lycum
695 3514 877 3580 Nearchum
903 3511 1072 3597 Olympum
1100 3509 1215 3578 Orcum
1246 3517 1280 3578 et
1312 3511 1423 3578 multis
1454 3511 1541 3593 aliia,

313 3637 331 3684 e
355 3619 473 3700 quibus
497 3639 537 3685 ne
561 3639 658 3686 unum
683 3621 812 3703 quidem
836 3620 964 3687 insulae
989 3641 1107 3686 nomen
1131 3627 1192 3686 est.

402 3727 583 3793 Tibullus
598 3728 623 3793 I
625 3729 689 3794 lioa
704 3729 737 3793 in
751 3731 941 3796 accusativo
955 3729 1050 3810 dixit,
1064 3748 1128 3795 non
1144 3729 1258 3810 Itium,
1271 3728 1330 3794 sed
1341 3727 1542 3809 Marathum,

313 3853 396 3916 quae
427 3836 506 3900 urbs
531 3835 662 3902 Graeca
693 3856 756 3902 non
789 3845 848 3903 est.
898 3855 1001 3917 neque
1029 3835 1268 3918 Propertius
1299 3837 1360 3902 hac
1391 3834 1447 3900 via
1477 3853 1543 3916 qua

313 3941 416 4008 ceteri
452 3949 570 4023 poetae
605 3943 749 4026 ingressi
786 3949 879 4025 sunt,
920 3945 1076 4026 decessit,
1113 3962 1184 4010 cum
1219 3945 1338 4010 Naaou
1372 3948 1406 4008 et
1440 3941 1545 4008 Delon

313 4049 447 4130 dixerit,
491 4051 547 4116 sed
591 4050 787 4133 Deiphobum
827 4053 979 4118 Helenum
1016 4052 1174 4118 Phoebum
1213 4053 1325 4116 Nilum
1363 4051 1543 4117 Pirithoum

316 4154 474 4222 Oceanum
490 4157 620 4224 Zethum
636 4159 817 4245 Lycuryum
835 4157 982 4226 Croesum
996 4157 1142 4226 Colchum
1154 4160 1363 4243 Hippolytum
1375 4159 1541 4225 Parthum.

401 4265 512 4347 Neque
537 4261 645 4332 tamen
668 4273 784 4350 poetas
802 4268 881 4334 solis
897 4268 948 4333 his
965 4265 998 4332 in
1015 4267 1198 4334 nominibus
1214 4267 1384 4334 flectendis
1402 4265 1542 4333 Graecis

312 4428 525 4438 ——-

404 4517 422 4584 ¹)
441 4517 594 4586 Exceptum
620 4523 663 4572 est
688 4534 786 4572 nomeu
811 4517 1030 4588 ‘palimpsestou',
1059 4518 1092 4573 de
1120 4534 1173 4586 quo
1199 4517 1276 4572 inira
1300 4515 1434 4572 nonnulla
1459 4516 1543 4572 verba

312 4603 453 4663 iaciemus.
