3496 5310
814 413 858 480 69

219 627 415 711 poterimus,
445 626 500 708 qui
524 646 636 695 omues
665 625 790 696 formas
812 627 961 696 Graecae
984 627 1147 696 invasisse
1170 645 1350 696 sermonem
1373 646 1450 710 poe-

220 742 346 816 tarum,
380 734 497 817 quibus
528 735 731 818 synaloephe
761 736 940 819 vitaretur,
976 737 1115 804 censuit.
1167 749 1263 818 quam
1293 753 1451 817 perverse

219 860 449 925 nonnunquam
474 841 686 926 iudicaverit,
718 842 794 910 inde
823 842 976 926 cognosci
1006 847 1133 928 potest,
1165 837 1250 925 quod
1273 841 1449 910 Horatium

219 949 394 1034 Penelopen
417 955 453 1016 et
474 948 625 1034 Penelope
648 968 812 1033 nunquam
843 949 968 1017 dixisse
999 955 1112 1034 putat,
1145 948 1209 1016 nisi
1240 948 1296 1016 ubi
1326 967 1452 1016 summa

220 1055 320 1124 metri
335 1056 534 1123 necessitate
555 1061 689 1123 coactus
713 1057 771 1124 sit:
806 1055 921 1140 „Deua
943 1079 1019 1124 meu
1042 1078 1131 1125 musa
1153 1079 1186 1124 es
1208 1055 1307 1124 emen
1328 1055 1452 1123 Manae

218 1186 279 1232 oon
305 1161 495 1231 &emmach
524 1165 592 1230 und
623 1149 848 1250 &heremum
876 1185 936 1232 ceu
965 1165 1033 1232 dem
1064 1163 1168 1232 Werte
1197 1165 1299 1231 aeiner
1328 1164 1452 1248 deenen

219 1271 373 1356 Spruche,
397 1272 455 1340 wie
476 1273 538 1339 wir
561 1273 629 1338 dies
652 1271 700 1338 bei
722 1271 835 1339 Horae
856 1271 1021 1352 alentem,
1047 1277 1209 1352 saeuum,
1234 1273 1312 1338 duae
1335 1291 1369 1337 er
1390 1272 1451 1338 dus

219 1379 300 1447 colle
327 1403 349 1448 u
378 1400 441 1446 nur
468 1380 505 1445 ia
533 1379 673 1448 Meister
695 1379 759 1447 Not
785 1399 879 1466 papea
906 1381 967 1447 due
989 1379 1182 1449 schadelere
1204 1399 1221 1446 e
1242 1378 1448 1446 oeaesetd.

221 1488 337 1554 eadem
377 1487 418 1554 de
454 1505 555 1553 causa
587 1485 739 1560 Ovidium
775 1486 922 1554 omnihus
956 1486 1037 1554 locis
1076 1485 1193 1570 quibus
1227 1485 1450 1570 synaloephen

219 1595 330 1663 vitare
353 1612 418 1661 uon
442 1611 523 1677 opus
546 1601 632 1677 erat,
656 1593 796 1662 Latinas
820 1592 946 1661 formae
970 1594 1160 1661 adhibuisse
1183 1597 1290 1676 putat.
1336 1593 1450 1674 itaque

220 1701 399 1769 verisimile
429 1701 461 1769 ei
490 1720 556 1768 uon
586 1701 718 1770 videtur
742 1701 894 1770 Ouidium
925 1701 960 1768 iu
989 1701 1054 1768 fine
1085 1700 1271 1768 hexametri
1300 1699 1451 1783 posuisse

220 1811 335 1878 Midan
361 1808 432 1878 Oete
453 1810 513 1877 Ide
526 1807 624 1878 Aecae
642 1809 763 1877 Dircen
786 1809 844 1877 sed
867 1810 996 1877 Medum
1015 1806 1093 1876 Oeta
1107 1809 1173 1876 Ida
1187 1807 1289 1876 Aetne
1304 1807 1449 1875 Dircam.

221 1917 298 2001 quin
342 1917 443 1985 etiam
486 1917 635 1988 Ciceroni
678 1917 845 2008 pedestris
888 1916 1051 1984 orationis
1095 1916 1251 2000 scriptori
1296 1937 1372 1986 uera
1416 1920 1450 1981 et

221 2025 345 2094 aedera
381 2025 589 2093 accusativos
620 2024 768 2092 tribuere
798 2031 948 2108 voretur,
980 2043 1062 2107 quos
1086 2024 1321 2092 usitatissimos
1346 2020 1451 2090 fuisse

221 2131 394 2201 Ennianus
431 2151 511 2200 usus
543 2133 649 2201 docet.
702 2137 819 2215 poetas
850 2152 914 2200 uon
944 2151 1010 2200 una
1041 2151 1143 2200 causa
1174 2131 1334 2226 adductos
1367 2149 1449 2214 esse,

222 2244 259 2306 ut
298 2240 425 2307 formas
463 2240 611 2308 Graecas
653 2245 844 2323 servarent,
889 2240 1043 2321 vidimuS,
1090 2258 1284 2322 quamquam
1329 2229 1451 2305 multus

222 2347 379 2431 analogia
409 2353 501 2415 ortas
532 2365 605 2414 esse
637 2347 854 2416 concedimus.
907 2367 1013 2432 neque
1040 2348 1077 2414 id
1108 2347 1345 2432 neglegendum
1378 2363 1451 2412 esse

222 2459 318 2536 puto,
348 2455 433 2536 quod
463 2459 581 2539 poetae
610 2439 811 2522 vetustiores
840 2455 939 2521 metri
970 2454 1099 2522 ratione
1130 2473 1207 2521 raro
1234 2455 1277 2520 ad
1301 2455 1450 2521 Graecas

223 2560 473 2629 terminationes
508 2561 642 2630 adducti
677 2568 769 2646 sum,
806 2563 943 2630 Ovidius
976 2581 1053 2630 vero
1087 2559 1210 2630 nullam
1243 2562 1316 2628 sere
1351 2559 1450 2627 uliam

222 2668 477 2736 declinationem
500 2669 664 2737 nominum
681 2671 885 2740 Graecorum
908 2670 1063 2755 coguovit
1085 2669 1150 2736 uisi
1166 2670 1337 2738 Graecam.
1370 2687 1450 2750 quo·

222 2776 317 2842 modo
341 2781 453 2843 autem
476 2776 597 2862 singuli
620 2784 740 2862 poetae
762 2778 947 2846 nominibus
972 2777 1111 2846 Graecis
1134 2778 1186 2844 nsi
1209 2777 1286 2859 sint,
1311 2795 1369 2845 cur
1392 2775 1451 2843 alii

222 2884 328 2950 multa
352 2884 483 2952 nomina
499 2883 640 2970 Graeca,
665 2886 722 2952 alii
739 2904 907 2969 perpauca
922 2884 1145 2970 adhibuerint,
1170 2871 1279 2954 alteru
1295 2885 1330 2951 in
1353 2889 1450 2967 parte

222 2991 488 3076 contemplemur.
