3452 5314
131 641 379 716 perscrutemur.
427 634 476 699 Ac
500 633 640 716 primum
664 635 794 715 quidem
819 634 957 701 Achillia
968 631 991 720 ¹)
1015 653 1133 700 nomen
1156 643 1349 718 spectemus,

129 741 219 808 cuius
246 743 400 824 genetivo
424 742 558 808 Achillia
583 743 840 809 Germanicus
864 743 899 807 iu
922 742 1161 809 Phaenomenis
1185 744 1260 826 499,
1293 745 1350 809 da-

128 848 196 914 tivo
222 849 342 915 Achilli
370 849 404 914 iu
428 849 677 931 epigrammatis
700 850 718 915 I
742 851 761 914 7
785 869 863 916 usus
888 856 946 916 est.
995 849 1141 915 Seneca
1165 869 1291 930 quoque
1316 850 1351 914 in

128 956 308 1037 tragoediis
339 975 449 1022 omnes
475 956 545 1022 lere
569 975 665 1022 casus
685 957 824 1023 Latinos
855 956 1009 1022 reddidit.
1057 956 1239 1023 Genetivus
1264 957 1350 1022 enim

128 1063 275 1128 omnibns
305 1063 385 1129 15515
408 1063 541 1130 Achillis
569 1063 657 1150 (Tro.
686 1065 758 1147 194,
780 1065 854 1144 292,
873 1065 947 1145 393,
965 1064 1040 1143 666,
1063 1064 1232 1146 940,987,
1252 1063 1350 1149 1191)

127 1169 307 1252 invenitur,
343 1171 474 1238 dativus
507 1171 627 1237 Achilli
657 1171 746 1258 (Tro.
773 1172 846 1251 944,
865 1171 940 1252 306,
960 1172 1045 1237 1158
1064 1171 1142 1253 Ag.
1170 1171 1243 1252 188,
1263 1169 1350 1255 748),

126 1277 293 1344 ablativus
326 1278 450 1344 Achille
481 1277 569 1363 (Tro.
595 1279 670 1357 343,
689 1280 763 1360 344,
782 1279 856 1360 347,
874 1277 962 1364 447).
1014 1278 1126 1344 Eiam
1159 1277 1349 1345 accusativo

125 1385 230 1450 altero
247 1403 357 1450 eorum
381 1384 524 1451 locorum
551 1385 625 1470 (Ag.
637 1384 724 1472 159),
750 1387 868 1467 quibus
884 1385 980 1451 nobis
996 1385 1149 1468 occurrit,
1174 1386 1349 1451 secundum

124 1491 414 1572 grammaticorum
444 1499 656 1574 praeceptum
682 1493 822 1559 formato
848 1493 997 1560 Achillem
1029 1492 1153 1558 Seneca
1183 1511 1260 1558 usus
1288 1500 1348 1558 est.

125 1599 173 1665 115
197 1599 304 1682 magis
321 1600 438 1664 mirum
462 1605 521 1680 est,
546 1601 632 1680 quod
648 1600 753 1666 altero
769 1600 841 1666 loco
867 1600 955 1686 (Tro.
973 1600 1048 1686 177)
1074 1601 1182 1666 forma
1206 1601 1350 1666 Achllhvv

123 1706 156 1772 in
183 1707 332 1772 omnibus
356 1707 524 1773 codicibus
547 1708 700 1773 traditur.
748 1707 844 1790 Apud
868 1709 1064 1774 Lucanum
1087 1707 1275 1790 genetivum
1300 1708 1349 1772 in-

122 1813 272 1879 venimus
311 1813 445 1880 Achillis
476 1814 521 1880 VI
546 1814 620 1880 350.
683 1815 897 1881 Petronius
936 1815 1173 1881 nominativum
1213 1815 1350 1880 Achilles

124 1921 268 2003 129,1,2
294 1926 327 1985 et
350 1921 497 1986 dativum
522 1921 643 1987 Achilli
666 1923 719 2004 59,
733 1923 789 2004 5,2
814 1922 966 2003 prosaico
991 1921 1159 1987 contextui
1188 1921 1349 1988 sermonis

121 2027 272 2092 inseruit.
320 2026 360 2092 15
394 2027 550 2094 carminis
585 2028 625 2093 15
660 2028 810 2094 laudem
843 2028 1001 2094 Pisonis
1037 2027 1120 2094 lacti
1152 2047 1250 2094 versu
1286 2029 1348 2092 173

121 2133 346 2202 nominativus
361 2140 471 2200 exstat
488 2133 634 2202 Achilles.
667 2135 855 2202 Valerius
872 2135 1039 2201 Flaccus
1064 2135 1211 2201 dativum
1228 2135 1348 2200 Latine

122 2241 241 2308 Achilli
263 2242 281 2307 Ι
303 2241 379 2322 408,
411 2241 636 2308 accusativum
661 2243 787 2309 Graece
812 2243 957 2309 Achillen
980 2243 997 2307 1
1024 2243 1086 2308 133
1111 2241 1154 2328 (e
1169 2243 1210 2310 Vr
1237 2263 1299 2308 -cm
1322 2267 1348 2306 π

121 2371 176 2414 -cn
200 2347 310 2434 Thilo)
336 2354 369 2413 et
392 2348 457 2414 956
494 2345 596 2414 flexit.
654 2350 694 2415 15
732 2349 808 2416 Sili
832 2349 970 2415 Italici
993 2349 1129 2414 Punicis
1163 2348 1348 2415 invenimus

121 2453 361 2521 nominativum
385 2454 526 2521 Achilles
545 2455 626 2520 XIV
642 2456 695 2538 95,
720 2456 908 2538 genetivum
932 2455 1065 2522 Achillis
1088 2455 1139 2520 XI
1155 2454 1230 2534 450,
1255 2454 1347 2520 5515-

120 2563 228 2628 tivum
251 2560 372 2627 Achille
386 2562 449 2629 XV
467 2562 547 2643 292;
580 2561 614 2627 in
639 2562 766 2628 Iliade
782 2563 929 2628 Latina
952 2561 1190 2628 nominativum
1207 2561 1348 2627 Achilles

123 2671 165 2734 14
189 2668 282 2751 15515,
307 2668 495 2751 genetivum
518 2669 653 2736 Achillis
676 2671 729 2750 91,
743 2670 818 2753 689,
834 2670 907 2752 719,
922 2670 996 2752 806,
1012 2670 1086 2751 813,
1100 2669 1175 2750 831,
1200 2669 1348 2735 dativum

120 2775 241 2842 Achilli
272 2776 330 2857 99,
369 2775 593 2842 accusativum
628 2775 780 2844 Achillem
815 2777 867 2856 60,
892 2778 943 2858 71,
967 2777 1019 2858 77,
1040 2776 1119 2858 934,
1159 2775 1347 2842 vocativum

121 2883 264 2950 Achilles
292 2883 365 2948 818.
422 2882 576 2949 Statius
610 2883 645 2948 in
679 2884 804 2950 Silvis
843 2883 1067 2950 accusativum
1098 2882 1223 2965 duplici
1258 2900 1347 2946 more

121 2989 318 3058 declinavit:
354 2990 496 3056 Achillea
523 2990 559 3056 ΙΙ
582 2992 613 3074 6,
631 2992 670 3056 31
698 2991 762 3078 (en
785 2991 838 3056 M²
866 3013 927 3057 -cm
952 2991 1042 3075 cett.)
1077 2995 1109 3055 et
1138 2990 1293 3055 Achillem
1317 2990 1347 3056 V

120 3098 245 3180 9,151.
291 3097 452 3164 Prnetera
475 3098 510 3163 in
525 3097 578 3163 his
602 3099 803 3166 carminibus
826 3099 950 3182 legitur
964 3097 1187 3164 nominativus
1210 3096 1347 3163 Achilles

118 3205 175 3271 III
198 3205 229 3284 4,
246 3206 299 3287 85,
330 3204 378 3272 IV
401 3205 432 3287 4,
450 3205 507 3288 35,
531 3207 589 3288 94,
615 3207 645 3288 7,
663 3207 715 3289 94,
744 3208 773 3274 11
797 3207 910 3286 9,163
942 3212 975 3271 et
1006 3205 1137 3271 dativus
1168 3204 1286 3270 Achilli
1312 3204 1348 3269 ΙΙ

120 3313 151 3395 1,
169 3312 224 3394 88,
247 3311 300 3376 ΙΙΙ
324 3313 353 3394 9,
371 3313 423 3378 96.
470 3312 560 3378 Idem
582 3318 632 3379 est
648 3333 725 3380 usus
748 3313 893 3379 eiusdem
914 3319 1030 3395 poetae
1055 3312 1089 3377 in
1106 3311 1345 3389 Achilleide,

119 3439 184 3500 quo
216 3418 252 3485 15
275 3438 374 3501 opere
398 3426 529 3486 exstant
558 3420 742 3487 accusativi
770 3419 912 3488 Achilleo
935 3421 951 3486 I
976 3420 1040 3485 998
1065 3418 1141 3499 (cm
1165 3419 1218 3485 vel
1242 3431 1276 3484 -e
1296 3417 1346 3504 ω),

119 3527 187 3593 399
217 3525 293 3612 (cm
315 3526 355 3612 ω)
395 3533 428 3594 et
465 3527 617 3594 Achillem
647 3527 763 3610 1984,
784 3528 859 3610 473,
881 3528 956 3606 513,
979 3527 1053 3608 548,
1076 3527 1152 3608 579,
1175 3527 1249 3608 717,
1271 3526 1347 3608 894,

118 3633 344 3702 nominativus
360 3631 497 3702 Achilles
512 3635 654 3718 saepius,
679 3635 852 3717 genetivus
868 3635 1001 3702 Achillis
1024 3634 1041 3698 Ι
1057 3633 1132 3715 350,
1142 3634 1217 3715 474,
1242 3632 1346 3714 1183,

119 3740 290 3809 ablativus
310 3741 430 3809 Achille
445 3742 463 3807 Ι
478 3742 552 3808 990.
599 3740 803 3808 Martialis
828 3741 1065 3809 nominativum
1081 3741 1221 3807 Achilles
1242 3739 1346 3804 solum

119 3847 275 3914 adhibuit
308 3849 411 3932 1148,
427 3850 458 3931 5,
498 3849 706 3916 Iuvenalis
745 3855 878 3932 praeter
912 3848 1048 3916 eundem
1082 3867 1194 3914 casum
1229 3846 1345 3928 1163,

112 3955 187 4042 Ι011
211 3955 286 4039 910,
310 3955 393 4024 VIII
418 3957 492 4038 971,
521 3956 603 4025 XIV
628 3958 692 4022 914
723 3963 756 4024 et
786 3956 974 4040 genetivum
1001 3955 1136 4022 Achillis
1167 3953 1218 4019 XI
1241 3953 1284 4018 30
1315 3958 1348 4017 et

119 4063 347 4131 accusativum
371 4065 526 4130 Aedilem
549 4064 582 4129 X
606 4064 680 4131 956.

211 4169 333 4237 Omnes
367 4171 472 4254 igitur
505 4190 601 4238 casus
635 4173 811 4238 secundnm
841 4171 997 4237 Latinam
1032 4169 1164 4236 tertiam
1200 4167 1346 4233 declina·

118 4278 243 4344 tionem
268 4277 427 4344 formatos
456 4297 527 4345 esse
551 4279 693 4345 vidimus
726 4283 859 4362 praeter
887 4277 1123 4358 accusativum,
1154 4274 1210 4355 qui
1234 4293 1347 4355 quam-

119 4403 218 4466 quam
254 4385 295 4450 14
325 4385 408 4452 15515
440 4387 553 4452 eodem
581 4387 675 4453 modo
709 4405 748 4453 ac
775 4385 895 4466 reliqui
928 4391 978 4450 est
1005 4383 1204 4465 declinatae,
1237 4387 1348 4447 tamen

213 4619 231 4688 ¹)
253 4617 385 4676 Theseus.
404 4619 517 4686 Inguae
536 4619 662 4688 LatInae,
683 4619 735 4675 vol.
750 4621 775 4688 1,
794 4635 819 4687 p.
832 4619 883 4673 391
896 4633 951 4685 sqq.

1206 4723 1239 4774 δ*
