3462 5312
747 387 810 452 135

254 600 408 667 Acheloon
432 601 527 686 (Stat.
543 599 657 686 Theb.)
691 600 831 684 Alpheon
858 601 983 684 (Sitit.
1009 601 1091 668 Stat.
1106 599 1221 686 Theb.)
1256 600 1392 687 Amyron

166 708 252 788 (Vel.
267 707 391 792 Flacc.)
421 709 549 790 Asopon
572 707 667 794 (Stat.
682 707 797 794 Theb.)
825 709 993 791 Bosporon
1017 709 1152 792 (Lucan.
1177 709 1250 775 Val.
1265 709 1390 796 Elaea.)

166 815 366 884 Galliahoron
389 815 474 900 (Vol.
493 815 619 900 Elaea.)
655 814 845 901 Charadron
867 815 963 902 (Stat.
982 815 1098 901 Theb.)
1136 814 1270 900 Cocyton
1293 816 1389 901 (Stat.

164 921 280 1007 Theb.)
305 922 446 988 Inachon
463 922 557 1008 (Stat.
567 921 683 1007 Theb.)
712 921 859 990 Ismenon
875 921 999 1008 (Seneo.
1018 922 1100 989 Stat.
1110 922 1226 1009 Theb.)
1249 924 1392 991 Isthmon

163 1029 287 1116 (Senes.
312 1030 386 1098 Val.
401 1030 510 1096 Flace.
536 1029 593 1096 Sil.
608 1030 663 1116 It.)
697 1030 899 1096 Maeandron
923 1030 1029 1116 (Luc.)
1066 1029 1215 1098 Pactolon
1238 1030 1345 1117 (Luc.)

252 1143 284 1202 et
307 1136 481 1203 montium:

254 1241 420 1310 Garccason
450 1242 546 1328 (Stat.
566 1242 680 1328 Theb.)
731 1239 867 1326 Cytoron
895 1243 981 1329 (Val.
1000 1243 1125 1324 Elaea.)
1171 1243 1391 1328 Erymanthon

163 1350 259 1434 (Stat.
274 1349 355 1416 Silv.
374 1349 489 1435 Theb.)
517 1348 679 1432 Hymetton
696 1348 781 1433 (Vel.
795 1349 905 1415 Flacc.
923 1349 1049 1435 Sitit.)
1073 1351 1247 1418 Maenalon
1263 1350 1388 1434 (Priap.

161 1457 245 1524 Stat.
260 1457 375 1542 Theb.)
412 1456 583 1524 Pomoson
610 1457 735 1542 (Senes.
760 1456 843 1522 Stat.
858 1456 972 1538 Theb.)
1009 1457 1141 1540 Sipylon
1165 1456 1261 1542 (Stat.
1275 1457 1390 1544 Theb.)

162 1564 370 1648 Stymphalon
395 1563 490 1650 (Stat.
505 1563 587 1630 Silv.
605 1561 720 1648 Theb.)
754 1564 921 1630 Taenaron
945 1563 1036 1648 (Luc.
1058 1563 1132 1630 Val.
1146 1563 1272 1651 Elaos.)
1304 1564 1390 1648 Tay·

156 1679 248 1756 yeton
271 1671 357 1756 (Val.
375 1670 510 1757 Elaea).

251 1778 373 1845 Contra
401 1779 534 1846 nomina
562 1777 766 1860 personalia,
798 1796 882 1858 quae
913 1797 1040 1860 semper
1064 1778 1226 1845 Graecum
1255 1797 1390 1844 accusa·

160 1886 265 1953 tivum
289 1885 461 1967 adhibent,
493 1885 603 1951 omnia
628 1886 697 1950 fere
720 1891 797 1951 sunt
820 1885 917 1968 talia,
950 1891 986 1950 ut
1010 1885 1084 1967 ipsa
1113 1904 1223 1951 eorum
1251 1885 1390 1952 metrica

159 1993 248 2059 ratio
273 1993 434 2060 Graecam
459 1980 602 2059 somnam¹
623 1992 782 2074 postulet:

250 2099 372 2166 Aeacon
396 2099 491 2185 (Stat.
511 2099 606 2184 silv.)
646 2098 763 2165 Aeolon
791 2098 886 2185 (Stat.
907 2098 1022 2185 Theb.)
1062 2098 1221 2182 Antiphon
1243 2100 1295 2186 (Il.
1313 2101 1387 2166 Lat.

161 2207 245 2273 Stat.
262 2206 376 2288 Theb.)
416 2203 566 2292 Gydlmon
593 2206 687 2289 (Stat.
704 2205 819 2292 Theb.)
859 2205 1010 2290 Cyllaron
1037 2206 1161 2292 (Senec.
1187 2208 1258 2274 Val.
1276 2208 1386 2273 Thaca.

161 2313 275 2399 Mart.)
308 2313 477 2380 Daedalon
501 2313 625 2399 (Mart.)
656 2313 813 2399 Dercylon
837 2312 973 2400 (Gratt.)
1003 2313 1139 2380 Euneon
1163 2313 1257 2398 (Stat.
1272 2314 1388 2398 Theb.)

160 2419 290 2504 Iphiton
313 2421 409 2506 (Stet.
424 2421 539 2507 Theb.)
571 2421 718 2505 Nyctilon
738 2421 917 2506 (Calpurn.)
950 2421 1145 2487 Phaedimon
1164 2421 1259 2506 (Stat.
1274 2421 1389 2508 Theb.)

161 2529 310 2595 Pittacon
331 2527 428 2616 (Iun.)
461 2528 620 2595 Tantalon
641 2527 736 2614 (Stat.
751 2528 867 2613 Theb.)
901 2528 1072 2613 Thestylon
1092 2527 1218 2616 (Mart.)
1259 2529 1389 2596 Troilon

161 2636 258 2722 (Stat.
273 2634 378 2721 Sila).

251 2744 291 2809 In
315 2745 335 2809 9
358 2743 554 2823 nominibus
579 2762 662 2824 quae
686 2749 821 2825 restant,
847 2744 910 2810 duo
934 2750 1023 2810 sunt:
1049 2743 1206 2826 Polyidon
1230 2743 1282 2829 (Il.
1300 2742 1389 2829 Lat.)

161 2858 196 2917 et
231 2851 443 2935 Polyphemon
473 2848 612 2935 (Mart),
659 2870 742 2931 quae
781 2870 819 2916 eo
858 2850 929 2916 loco
968 2869 1097 2933 versae,
1144 2869 1206 2931 quo
1246 2857 1388 2933 exstant,

161 2958 262 3024 aliter
292 2957 357 3024 nisi
386 2959 513 3025 Graece
544 2957 721 3023 terminata
753 2957 856 3023 inseri
887 2978 951 3024 non
979 2964 1165 3041 potuerunt.
1211 2958 1390 3024 Praeterea

162 3066 325 3133 Graecam
357 3065 608 3132 declinationem
640 3072 753 3130 secuta
783 3071 859 3130 sunt
888 3065 1021 3131 nomina
1051 3084 1241 3146 puerorum:
1280 3064 1390 3132 Ceston

161 3173 289 3258 (Mart.)
324 3172 527 3256 Hyacinthon
548 3172 673 3257 (Mart.)
708 3172 851 3240 Philoton
875 3171 971 3258 (Stat.
985 3172 1080 3256 silv.)
1117 3179 1150 3238 et
1182 3172 1297 3239 titulus
1321 3178 1389 3238 tra-

159 3280 299 3364 goediae
333 3280 435 3346 Pacci
469 3278 630 3346 Alcitheon
660 3279 768 3366 (Iun).
824 3279 1000 3345 Petronius
1035 3279 1187 3346 adhibuit
1221 3279 1256 3344 in
1291 3299 1390 3362 prosa

161 3389 311 3454 oratione
346 3387 570 3455 accusativos:
609 3386 759 3470 Ascylton
794 3387 970 3470 Encolpion
1005 3387 1186 3471 Polyaenon
1226 3387 1389 3453 interdum

163 3495 315 3578 fortasse,
340 3502 377 3561 ut
393 3495 522 3562 Graeca
537 3494 726 3560 terminatio
742 3495 889 3578 rhythmi
913 3493 1081 3560 efficiendi
1097 3514 1198 3560 eausa
1219 3494 1389 3561 elisionem

161 3603 337 3685 impediret
348 3602 380 3688 ¹).
434 3602 529 3669 Solus
565 3601 775 3668 accusativus
803 3602 987 3669 Enceladon
1021 3604 1062 3667 ab
1094 3603 1220 3668 Aetnae
1256 3608 1389 3668 auctore

162 3710 331 3777 adhibitus
354 3729 418 3775 non
441 3711 541 3775 habet
564 3708 827 3791 explicationem.

252 3816 444 3884 Accusativi
468 3816 621 3884 Ascheton
641 3816 735 3898 (Stat.
747 3816 864 3902 Theb.)
889 3821 921 3882 et
945 3816 1088 3902 Peyason
1106 3816 1228 3902 (Germ.
1241 3815 1388 3901 Phaon),

162 3945 246 4008 quae
269 3932 345 3992 sunt
367 3925 500 3992 nomina
525 3944 688 4008 equorum,
712 3925 810 3990 metri
834 3944 934 3992 causa
958 3925 1085 3992 Graece
1108 3932 1184 3991 sunt
1209 3923 1300 3990 faeti.

252 4033 302 4099 De
325 4033 429 4100 Irinon
453 4039 485 4098 et
507 4032 670 4099 Eiarinon
694 4031 810 4099 formis
835 4033 926 4098 intra
949 4039 1075 4116 agetur.

251 4141 373 4206 Forma
396 4141 505 4206 Sirion
528 4146 675 4222 excepta,
700 4159 783 4221 quae
806 4139 841 4206 in
862 4139 1052 4206 Germanici
1069 4138 1307 4206 Phaenomenis
1324 4139 1389 4204 335

163 4254 268 4315 metro
293 4247 493 4331 postulatur,
524 4247 715 4313 accusativo
740 4247 867 4314 Graece
891 4246 1053 4312 declinato
1079 4245 1314 4312 nominativum
1339 4265 1390 4311 se-

163 4361 307 4436 quuntur
337 4355 470 4421 nomina
493 4355 729 4420 astronomica:
761 4354 957 4438 hydrochoon
981 4353 1103 4436 (Germ.
1120 4352 1262 4438 fragm),
1295 4352 1388 4419 cuius

255 4569 273 4638 1)
294 4569 417 4637 Exempli
437 4584 520 4623 causa
539 4569 572 4622 a.
592 4568 634 4636 aa,
648 4569 674 4636 e,
686 4587 711 4623 t:
736 4557 761 4624 o
775 4557 914 4638 silenem)
933 4550 1066 4639 Editio
1085 4549 1170 4638 ite'yir.
