3442 5324
734 437 777 501 35

232 651 355 717 Eodem
380 652 474 718 modo
497 658 596 734 poeta
613 649 729 732 efficit,
753 657 790 716 ut
806 649 950 732 Oedipus
974 656 1145 731 postquam
1170 648 1241 730 ipse
1265 648 1368 714 oculis

143 778 177 824 se
206 759 368 842 privavit,
399 759 435 824 in
458 777 610 825 scaenam
633 759 727 825 domo
756 758 902 840 prodeat.
950 756 1012 822 Ille
1041 756 1127 822 enim
1155 762 1191 821 ut
1219 755 1368 822 omnibus

144 865 309 932 Thebanis
333 866 534 948 ostendatur,
560 865 706 947 postulat
729 863 995 952 (v.1287—88):

354 993 418 1078 βοᾷ
442 988 578 1075 όιοίγειν
600 990 732 1078 κλῇθρα
754 989 809 1055 καὶ
833 989 954 1076 δηλοῦν
976 1012 1051 1053 τινα

356 1101 427 1174 τοῖς
450 1099 534 1163 πᾶσι
558 1095 760 1180 Καδμείοισι
783 1092 841 1162 τόν
863 1092 1095 1185 πατροκτόνον.

232 1223 326 1307 Quod
349 1221 442 1288 illum
466 1242 531 1289 non
547 1241 666 1304 cupere
689 1221 755 1288 nisi
778 1229 815 1288 ut
838 1221 873 1287 in
888 1239 1040 1286 scaenam
1056 1220 1232 1302 procedere
1252 1221 1367 1302 possit,

142 1330 288 1396 everbis
304 1329 454 1396 Creontis
478 1329 696 1412 cognoscitur,
722 1329 778 1410 qui
800 1347 912 1412 regem
928 1347 1024 1409 quam
1049 1326 1219 1394 celerrime
1240 1328 1367 1392 domum

140 1437 308 1503 introduci
331 1436 422 1503 iubet
444 1437 525 1503 baec
549 1436 661 1503 dicens
685 1435 906 1524 (1424-27):

356 1557 427 1627 ἀλλ’
450 1559 481 1627 ec‘
502 1558 544 1627 τὰ
566 1563 700 1649 θνητῶν
722 1558 768 1649 μὴ
791 1557 1044 1641 καταισχύνεσθ’
1068 1556 1117 1626 ἔτι

356 1667 507 1753 γένεθλα,
529 1666 589 1757 τὴν
611 1671 689 1753 γοῦν
711 1665 821 1734 πάντα
844 1665 1029 1754 βόσκουοαν
1052 1663 1160 1755 φλόγα

357 1772 504 1841 αἰόεῖοθ’
528 1770 668 1851 ἄνακτος
689 1771 814 1853 Ἡλίου,
837 1771 981 1840 τοιόνδ’
1005 1769 1097 1858 όγος

357 1878 582 1948 α’κόλυπτον
605 1878 704 1948 οὕτω
729 1879 930 1947 όεικνόναι

141 1998 174 2058 et
199 2011 231 2056 v.
252 1989 440 2055 1429—31:

358 2092 438 2161 ἀλλ’
461 2093 510 2172 ὡς
532 2091 682 2176 τάχιστ’
705 2095 743 2172 ἒς
766 2087 875 2160 οἶκον
898 2093 1147 2178 ἕοκομίζετε·

357 2207 428 2280 τοῖς
451 2201 486 2268 ἐν
508 2201 593 2288 γένει
615 2200 678 2291 γὰρ
700 2200 836 2290 τόγγενῆ
858 2199 999 2286 μάλισθ’
1022 2199 1102 2290 ὁρᾶν

357 2307 472 2394 μόνοις
493 2307 522 2375 τ’
546 2307 677 2376 οἷκοόειν
700 2306 843 2395 εὐσεβῶς
865 2307 932 2390 ἔχει
955 2306 1048 2376 κακά.

234 2435 338 2503 Creon
367 2435 470 2517 igitur
493 2435 589 2501 nefas
613 2453 684 2502 esse
711 2435 813 2501 sentit
836 2435 996 2516 Oedipum
1025 2439 1118 2500 tanto
1146 2435 1270 2500 scelere
1293 2453 1369 2500 con-

140 2543 339 2610 taminatum
370 2543 412 2607 ad
441 2542 546 2608 lucem
576 2542 730 2625 proferri.
784 2543 848 2608 Sed
879 2541 1028 2622 quamvis
1058 2542 1215 2624 postulet,
1246 2547 1283 2606 ut
1313 2561 1368 2606 ex-

141 2650 265 2732 templo
289 2650 517 2715 introducatur
540 2648 597 2735 (cl.
614 2670 645 2716 v.
665 2647 773 2735 1515),
799 2655 908 2715 tamen
931 2649 989 2714 ille
1012 2656 1187 2731 praecepto
1212 2649 1282 2714 eius
1305 2668 1369 2714 non

139 2757 236 2840 prius
260 2757 451 2838 obsequitur
475 2775 570 2837 quam
587 2757 692 2823 Creon
716 2776 751 2822 se
774 2756 907 2822 filiabus
931 2756 1035 2838 ipsius
1052 2756 1273 2823 consulturum
1298 2774 1369 2821 esse

140 2864 176 2929 in
203 2881 323 2929 scaena
345 2862 544 2945 promiserit.

234 2969 274 3034 In
307 2969 471 3035 Electra
503 2969 743 3054 Clytaemestra
778 2989 813 3035 se
848 2989 889 3036 ex
922 2969 1017 3051 regia
1051 2987 1259 3051 progressam
1298 2988 1369 3034 esse

139 3075 239 3158 dicit,
279 3082 315 3141 ut
349 3074 498 3157 Apollini
531 3075 742 3158 supplicaret.
799 3077 849 3142 Re
883 3082 991 3141 autem
1029 3094 1110 3142 vera
1145 3094 1182 3140 eo
1217 3075 1370 3157 pervenit

138 3183 201 3268 (cf.
225 3203 256 3250 v.
274 3182 367 3269 630),
401 3188 437 3248 ut
469 3202 579 3249 coram
611 3183 853 3265 spectatoribus
886 3182 920 3248 in
950 3182 1119 3248 Electram
1149 3181 1368 3264 inveheretur,

139 3307 340 3371 quamquam
362 3289 454 3356 locus
477 3289 535 3357 ille
550 3289 711 3372 publicus,
736 3294 773 3355 ut
795 3289 876 3354 mihi
900 3288 1029 3369 quidem
1045 3289 1186 3370 videtur,
1211 3289 1254 3354 ad
1269 3289 1369 3354 talem

138 3397 251 3462 rixam
275 3396 507 3463 conserendam
530 3396 781 3476 haudquaquam
805 3395 940 3462 idoneus
964 3401 1037 3461 erat
1047 3393 1080 3482 ¹).

234 3502 347 3583 Neque
379 3501 420 3567 in
447 3501 597 3584 Oedipo
628 3501 796 3568 Colonen
829 3503 988 3568 Theseum
1023 3521 1133 3584 regem
1169 3523 1189 3568 a
1223 3503 1370 3583 quolibet

140 3612 277 3678 τάττων
300 3609 493 3676 arcemitum
523 3609 558 3674 in
590 3609 697 3676 lucum
725 3609 941 3676 Eumenidum
972 3611 1167 3676 contendere
1196 3609 1267 3677 veri
1298 3616 1370 3675 erat

140 3717 267 3798 simile,
299 3717 343 3783 cf.
368 3736 398 3784 v.
417 3716 459 3782 70
483 3722 516 3782 et
540 3717 596 3781 72:

284 3847 336 3909 ΘΙ.
361 3832 418 3930 ἆρ’
440 3837 486 3906 όν
508 3865 569 3918 τις
591 3837 695 3925 αὐτῷ
717 3837 875 3924 πομπὸς
898 3839 938 3924 ἐξ
960 3839 1066 3924 ὑμῶν
1089 3837 1219 3924 μόλοι,

358 3947 403 4025 alc
426 3943 466 4014 όν
488 3951 686 4037 προσαρκιῦν
709 3945 831 4036 σμικρὰ
854 3945 994 4036 κερόόνῃ
1017 3947 1121 4033 μέγας

142 4075 205 4144 Cui
228 4071 321 4158 ξένος
344 4073 402 4140 ille
424 4075 600 4157 respondet
624 4073 667 4160 (v.
686 4072 756 4160 73):

358 4198 413 4264 καὶ
435 4197 487 4274 τίς
509 4195 594 4286 πρὸς
617 4194 738 4287 ἀνδρὸς
760 4195 805 4286 μὴ
827 4195 1007 4283 βλέποντος
1030 4194 1179 4287 όρκεοις;

143 4363 356 4372 ...—

237 4447 256 4516 ¹)
275 4447 318 4503 Cf.
344 4447 377 4500 O.
392 4445 491 4500 Kaibel
519 4445 581 4503 adn.
603 4445 637 4499 ed
663 4462 688 4502 v.
702 4447 769 4500 659:
800 4445 895 4516 „Dass
921 4447 972 4502 dos
998 4445 1080 4500 debet
1107 4445 1227 4516 eupleicb
1251 4447 1370 4502 eeenierlu

143 4539 253 4592 bernitrt
274 4535 357 4600 aad,
382 4551 428 4589 um
451 4535 495 4589 dic
512 4535 678 4605 ootooendipe
696 4536 883 4591 Anweseubeit
909 4536 957 4591 der
974 4535 1055 4606 Klyt.
1080 4535 1135 4604 auf
1150 4536 1198 4590 der
1216 4535 1313 4590 Biilme
1336 4553 1370 4590 ιιι

143 4625 329 4696 οηοόγῑιιότπ,
347 4627 385 4679 ist
398 4623 512 4693 freile'eb
530 4625 635 4680 hiereo
654 4625 716 4679 lelar
734 4625 783 4680 wie
801 4628 838 4680 im
859 4625 921 4679 Oed.
935 4625 996 4680 R.“.

1230 4733 1262 4784 3*
