3462 5312
908 391 970 458 134

324 609 415 674 Haec
447 607 596 673 omnibus
623 607 705 672 locis
729 607 926 689 hexametri,
958 607 1075 688 quibus
1106 607 1280 688 insequens
1308 607 1504 674 vocabulum
1532 629 1552 675 a

323 715 432 782 vocali
461 715 580 797 oritur,
612 721 715 780 metro
743 713 944 797 postulatur,
975 733 1048 780 cum
1070 713 1194 780 Latina
1223 714 1455 782 terminatione
1483 739 1553 782 -um

323 821 473 888 adhibita
503 821 598 888 elisio
626 821 698 903 fiat,
729 840 827 902 quam
849 827 968 904 poetae
998 821 1161 904 imprimis
1192 821 1226 887 in
1255 821 1386 888 nomine
1415 828 1551 890 externo

323 949 419 1011 quam
450 928 704 1011 diligentissime
736 928 918 1011 fugiebant.
965 928 1005 995 In
1036 931 1099 996 fine
1129 934 1238 996 autem
1266 947 1382 997 versus
1414 937 1552 998 etanta

322 1036 547 1118 insequentem
587 1041 819 1102 consonantem
862 1035 1112 1103 terminationes
1152 1036 1300 1104 Graecae
1340 1043 1373 1103 et
1410 1038 1553 1105 Latiuae

323 1149 427 1210 metro
460 1142 558 1225 plane
590 1129 666 1209 sunt
697 1162 804 1225 pares
860 1141 953 1226 Quod
988 1162 1060 1209 oum
1091 1144 1134 1210 90
1165 1149 1292 1210 tantum
1323 1165 1341 1210 e
1372 1146 1438 1211 232
1468 1146 1552 1214 locis

323 1250 466 1333 accidat,
502 1250 726 1333 intellegimus
760 1250 892 1333 saepius
925 1250 1079 1317 metricas
1113 1249 1259 1317 rationes
1288 1251 1450 1318 Graecam
1486 1258 1551 1318 ter-

323 1357 536 1424 minationem
571 1357 802 1439 postulavisse.
861 1358 955 1442 Quod
990 1377 1027 1424 eo
1063 1357 1264 1440 declaratur,
1300 1360 1386 1440 quod
1417 1360 1460 1425 40
1495 1379 1552 1427 no·

322 1466 427 1547 mina,
467 1484 550 1546 quae
581 1463 744 1548 syllabam
775 1463 1001 1531 terminationi
1040 1466 1284 1532 antecedentem
1323 1466 1447 1533 habent
1480 1487 1551 1533 cor-

323 1577 465 1655 reptam,
497 1579 533 1638 ut
555 1571 683 1639 Aeacon
706 1572 874 1654 Bosporon
897 1573 1054 1658 Peraean,
1087 1591 1191 1654 neque
1219 1572 1255 1638 in
1278 1573 1344 1638 fine
1367 1574 1552 1640 hexametri

323 1698 428 1760 neque
451 1686 528 1746 ante
543 1679 739 1746 vocabulum
762 1700 783 1745 a
802 1680 995 1746 consonanti
1020 1687 1125 1746 ortum
1142 1680 1230 1762 poni,
1256 1680 1426 1747 elisionem
1442 1689 1551 1748 autem

324 1787 556 1853 terminatione
579 1787 702 1854 Latina
726 1787 877 1854 adhibita
900 1807 1061 1871 usurpare
1084 1807 1149 1853 non
1172 1795 1320 1870 possunt,
1345 1788 1412 1855 nisi
1435 1808 1551 1856 nomen

323 1914 461 1976 sequens
485 1895 509 1960 a‘
529 1894 638 1960 vocali
661 1901 814 1977 correpta
836 1894 963 1978 incipit.
996 1894 1109 1960 Etiam
1126 1895 1235 1961 rarius
1259 1895 1355 1962 elisio
1378 1896 1417 1961 fit
1441 1915 1551 1962 eorum

323 2001 457 2068 circiter
480 2003 524 2068 30
546 2001 722 2084 nominum,
747 2021 883 2083 quorum
907 2002 1112 2084 paenultima
1134 2001 1244 2086 longa,
1270 2003 1552 2085 antepaenultima

323 2107 434 2176 brevis
458 2115 517 2191 est,
547 2128 619 2174 cum
643 2110 724 2175 duas
747 2110 865 2176 breves
889 2109 1037 2194 syllabas
1061 2108 1113 2175 vel
1141 2129 1238 2175 unam
1262 2109 1395 2192 longam
1418 2109 1552 2176 initium

323 2214 526 2295 insequentis
551 2216 645 2283 verbi
670 2215 781 2282 facere
804 2235 937 2282 necesse
961 2216 1014 2282 sit.
1062 2216 1103 2281 In
1125 2215 1189 2282 fine
1213 2222 1321 2282 autem
1347 2222 1380 2282 et
1403 2217 1438 2282 in
1461 2217 1551 2299 posi-

324 2322 412 2388 tione
436 2322 532 2388 buius
548 2323 679 2406 generis
704 2323 837 2390 nomina
859 2323 938 2405 poni
961 2330 1108 2405 possunt.
1155 2323 1219 2390 Sed
1242 2323 1295 2388 bis
1318 2343 1445 2404 quoque
1469 2323 1551 2390 locis

323 2429 456 2512 saepius
480 2431 641 2498 Graecam
666 2430 945 2512 terminationem,
975 2450 1058 2511 quae
1082 2437 1159 2496 ante
1181 2430 1328 2497 vocalem
1352 2429 1550 2514 postulatur,

323 2543 466 2604 servant.

411 2645 511 2727 Idem,
536 2647 622 2726 quod
638 2647 678 2711 de
701 2644 903 2711 nominativo
921 2646 1049 2713 Graeco
1074 2645 1239 2712 nominum
1255 2644 1551 2728 geographicorum

323 2751 475 2834 diximus
504 2753 543 2819 de
567 2751 757 2819 accusativo
782 2751 881 2818 valet.
929 2751 1036 2818 Huius
1060 2771 1186 2833 quoque
1214 2772 1309 2819 casus
1333 2752 1394 2818 illa
1417 2752 1552 2818 nomina

323 2879 364 2925 ne
391 2865 496 2925 metro
524 2859 654 2941 quidem
682 2860 871 2941 postulante
895 2859 1057 2927 Graecam
1088 2859 1353 2926 terminationem
1380 2861 1550 2941 praebent.

323 2967 362 3032 In
382 2966 520 3033 Graecis
545 2965 631 3032 enim
655 2966 855 3033 accusativis
879 2967 1045 3033 nominum
1068 2965 1197 3033 urbium
1222 2971 1255 3032 et
1277 2965 1470 3049 insularum,
1496 2966 1551 3047 qui

323 3073 550 3140 inveniuntur:

414 3177 609 3265 Cyparisson
633 3181 856 3268 (statuuat.)
879 3180 1023 3248 Eteonon
1044 3181 1139 3267 (Stat.
1153 3179 1267 3267 Theb.)
1292 3181 1400 3247 Iolcon
1421 3178 1550 3265 (Manil.

323 3289 434 3355 Senec.
463 3289 543 3354 Luc.
567 3287 781 3374 Valblocc.)
824 3286 939 3355 Maon
969 3287 1060 3373 (Luc.
1091 3288 1149 3354 Sil.
1167 3287 1223 3373 It.)
1264 3287 1401 3355 Petason
1431 3285 1550 3374 (Galp.)

323 3396 428 3478 Ppton
451 3394 589 3481 (Senec.)
621 3396 779 3462 Schoenon
800 3395 896 3482 (Stat.
910 3396 1026 3480 Theb.)
1057 3396 1168 3463 Scolon
1185 3395 1279 3476 (Stat.
1294 3393 1409 3480 Theb.)
1442 3395 1551 3462 Seston

323 3502 414 3588 (Luc.
432 3503 506 3571 Val.
518 3503 643 3588 Flaoc.)
672 3503 813 3570 Solimon
829 3503 901 3589 (sd.
915 3502 970 3588 It.)
1001 3503 1174 3569 Ternvteson
1190 3502 1285 3586 (Stat.
1298 3501 1413 3587 Theb.)
1443 3501 1551 3586 Tyron

324 3609 450 3690 (Silit.
475 3608 588 3694 Mart.)
625 3647 667 3657 -—
698 3608 822 3677 Abaton
846 3608 952 3696 (Luc.)
989 3606 1087 3675 caan
1109 3608 1233 3696 (Germ.
1251 3608 1387 3694 Phaon.)
1425 3608 1550 3692 Cypron

324 3715 395 3801 (Sil.
407 3717 448 3782 It.
466 3717 578 3800 Mart.)
606 3715 733 3784 Gnidon
746 3716 853 3803 (Luc.)
877 3717 1013 3784 Lemnon
1029 3717 1115 3802 (Son.
1129 3715 1324 3783 ValFlacc.
1342 3715 1424 3783 Stat.
1436 3713 1549 3800 Theb.)

324 3823 446 3890 Lesbon
468 3822 576 3909 (Luc.)
608 3825 739 3891 Neriton
763 3823 834 3909 (Sil.
848 3823 903 3908 It.)
934 3824 1069 3906 Paphon
1092 3823 1188 3910 (Stat.
1206 3823 1287 3890 silv.
1309 3821 1425 3906 Theb.)
1453 3821 1550 3886 Proc-

322 3952 435 3997 nesson
465 3929 551 4015 (Val.
570 3931 695 4018 Flacc.)
739 3931 873 3998 Rhodon
898 3931 1025 4017 (Manil.
1047 3932 1126 3996 Luc.
1150 3931 1262 4014 Mart.)
1310 3930 1429 3998 Samon
1452 3929 1548 4013 (Stat.

324 4038 439 4121 Theb.)
464 4037 586 4122 Scyron
610 4038 705 4124 (Stat.
723 4038 818 4124 Ach.)
844 4039 990 4106 Tenedon
1013 4037 1140 4125 (Manil.
1166 4037 1248 4104 Stat.
1263 4036 1378 4122 Theb.)

413 4147 475 4211 duo
499 4151 625 4211 tantum
650 4152 735 4228 sunt,
765 4146 883 4227 quibus
907 4151 1042 4229 propter
1059 4145 1229 4210 metricam
1255 4144 1393 4210 formam
1418 4143 1548 4230 (wa)

324 4254 454 4320 Graeca
492 4253 722 4320 terminatione
762 4272 843 4335 opus
879 4260 937 4319 est.
996 4253 1060 4319 Sed
1094 4251 1223 4332 reliqua
1257 4271 1384 4333 quoque
1418 4251 1550 4318 nomina

325 4360 451 4426 Graece
483 4361 660 4427 terminata
687 4361 877 4443 plerumque
908 4361 1040 4443 aptiora
1069 4365 1145 4426 sunt
1176 4361 1218 4425 ad
1241 4379 1370 4426 versum
1403 4359 1549 4426 efficien-

326 4467 401 4532 dum
424 4487 520 4549 quam
545 4468 665 4533 Latine
691 4468 842 4534 formata.

414 4573 575 4640 Similiter
598 4594 650 4640 res
674 4576 832 4641 sehabet
855 4575 890 4640 in
914 4574 1100 4642 nominibus
1123 4573 1313 4641 fluviorum:
