3442 5324
754 411 796 476 23

206 649 236 694 v.
256 627 399 694 74-75:
433 623 579 711 Edpotda
602 621 712 714 χώραν
735 625 849 714 φασίν,
875 623 1025 714 Εὐρίπου
1048 624 1156 707 πόλιν,

430 730 678 822 ἐπιστρατεύειν
701 729 802 800 αὐτὸν
826 730 845 823 ἢ
869 731 1002 818 μέλλειν
1024 730 1084 802 ἔτι.

252 862 348 927 Haud
377 861 481 943 igitur
509 860 615 927 nescit
642 864 675 926 et
702 861 760 926 ubi
788 860 947 926 Hercules
976 866 1075 927 anteo
1103 861 1205 927 fuerit
1233 869 1266 927 et
1293 881 1387 942 quem

162 970 269 1037 locum
293 988 378 1035 nunc
402 973 521 1034 teneat.
568 967 682 1048 Neque
706 986 779 1033 eum
803 969 845 1034 ad
868 975 1005 1034 matrem
1030 969 1069 1034 de
1098 968 1167 1035 illis
1191 971 1288 1035 rebus
1312 970 1387 1035 edo-

161 1077 297 1142 cendam
327 1081 454 1157 tempus
478 1073 640 1141 defecisse
669 1076 848 1157 putandum
872 1080 939 1156 est;
978 1077 1079 1143 verbo
1104 1076 1189 1141 enim
1214 1073 1387 1159 ,,ιιε’λλειν“

160 1183 253 1249 illum
277 1183 334 1248 ubi
350 1182 509 1248 Hercules
534 1187 723 1249 versaretur
748 1182 814 1248 iam
837 1182 939 1248 multo
964 1188 1041 1248 ante
1064 1183 1262 1266 comperisse
1285 1202 1387 1266 appa-

158 1297 220 1356 ret.
267 1289 353 1356 Nam
382 1290 444 1356 boc
474 1289 527 1355 die
551 1307 613 1370 quo
637 1288 759 1372 Hyllus
790 1290 830 1355 de
853 1295 948 1372 patre
976 1289 1135 1372 loquitur,
1167 1290 1197 1356 is
1227 1310 1292 1356 non
1319 1291 1387 1357 iam

161 1396 355 1464 Oechaliam
379 1397 517 1480 aggredi
544 1397 762 1480 ,moratur“
790 1393 924 1480 (μέλλει,
950 1416 979 1463 v.
995 1395 1060 1482 75),
1090 1398 1147 1464 sed
1170 1397 1387 1480 iampridem

159 1505 373 1587 expugnavit.
414 1503 538 1584 Atqui
562 1503 609 1586 fit,
634 1508 671 1568 ut
692 1522 765 1568 cum
790 1503 913 1569 ancilla
937 1508 970 1570 et
993 1504 1110 1570 chorus
1134 1510 1167 1570 et
1190 1505 1264 1587 ipsa
1287 1505 1387 1571 Deia-

159 1613 236 1678 nira
259 1611 316 1678 ubi
340 1618 502 1678 terrarum
526 1610 686 1676 Hercules
716 1612 816 1693 degat
839 1611 1001 1693 nesciant,
1035 1611 1156 1695 Hyllus
1180 1612 1269 1678 solus
1293 1612 1386 1678 illum

158 1721 267 1786 locum
285 1717 452 1801 cognitum
475 1718 619 1783 babeat?
657 1719 835 1784 Praeterea
850 1718 988 1802 Hyllum
1012 1738 1083 1784 cum
1100 1718 1222 1785 cotidie
1245 1737 1307 1800 quo
1332 1721 1386 1785 de-

157 1827 283 1893 siderio
307 1831 412 1892 mater
435 1825 641 1891 cruciaretur
656 1825 804 1908 vidisset,
829 1843 994 1906 nunquam
1018 1845 1090 1892 cum
1114 1845 1154 1892 ea
1177 1828 1217 1892 de
1232 1827 1386 1893 Herculis

158 1933 331 2001 laboribus
355 1933 551 1999 collocutum
583 1951 653 1998 esse
677 1932 772 2013 eique
799 1932 834 1998 id
857 1934 943 2013 quod
973 1933 1036 1999 hac
1060 1933 1099 2000 de
1122 1952 1158 1999 re
1186 1940 1386 2017 compertum

157 2044 298 2109 haberet
330 2039 498 2107 rettulisse
529 2040 602 2120 quis
639 2046 689 2105 est
718 2039 798 2120 quin
833 2059 904 2107 cum
940 2059 1048 2106 rerum
1083 2047 1203 2108 natura
1238 2061 1386 2124 pugnare

157 2147 369 2218 consentiat?
415 2146 509 2230 Quod
540 2166 575 2213 se
608 2147 872 2230 praetermisisse
901 2147 1021 2231 Hyllus
1054 2148 1178 2214 nullam
1211 2151 1252 2214 ob
1285 2149 1386 2215 aliam

157 2274 293 2324 causam
321 2253 469 2337 simulat,
500 2253 567 2320 nisi
595 2259 631 2320 ut
659 2259 862 2337 spectatores
892 2254 1030 2321 hoodie
1060 2255 1112 2322 illi
1140 2255 1304 2337 colloquio
1335 2256 1385 2322 in-

158 2371 285 2430 teresse
307 2361 445 2446 possint.

250 2469 452 2554 Quamquam
477 2468 562 2534 enim
578 2469 755 2551 Sophocles
772 2469 1041 2552 compositionem
1058 2470 1297 2554 tetralogicam,
1322 2490 1386 2552 qua

157 2596 239 2644 usus
263 2582 336 2643 erat
358 2576 542 2661 Aeschylus
571 2595 608 2642 eo
631 2577 726 2642 modo
755 2582 792 2641 ut
815 2576 906 2643 illius
931 2577 1065 2643 fabulae
1089 2577 1184 2658 quasi
1208 2582 1275 2644 tres
1298 2596 1385 2644 oom-

156 2685 382 2768 plecterentur
405 2689 507 2766 actus,
532 2684 630 2767 plane
654 2682 878 2768 reliquerat1),
904 2691 1012 2750 tamen
1036 2685 1078 2750 ad
1100 2685 1263 2751 rationem
1286 2684 1385 2750 Euri-

157 2792 291 2876 pideam
315 2792 470 2874 progredi
493 2792 635 2858 nondum
659 2809 758 2857 ausus
782 2798 842 2874 est,
868 2792 924 2872 qui
944 2791 1081 2874 prologo
1106 2810 1158 2858 res
1182 2811 1265 2872 quae
1288 2792 1385 2858 initio

159 2899 295 2968 fabulae
333 2905 593 2979 antecesserant,
632 2918 691 2981 per
726 2898 888 2964 bominem
927 2899 979 2965 vel
1015 2900 1110 2966 deum
1147 2898 1385 2988 προλογλζοντα

158 3007 341 3089 enarravit,
366 3007 424 3072 sed
439 3006 617 3088 Sophocles
640 3025 693 3071 res
717 3012 815 3071 antea
831 3011 983 3088 peractas
1000 3006 1123 3073 actioni
1147 3007 1213 3089 ipsi
1237 3007 1384 3073 innectit.

250 3113 343 3198 Quod
367 3114 466 3180 etiam
491 3113 586 3179 initio
611 3113 835 3196 Antigonae
860 3116 1099 3196 comprobatur.
1146 3113 1276 3180 Ismena
1300 3115 1386 3180 enim

158 3223 240 3305 quid
256 3222 361 3290 Oreon
385 3227 480 3288 nocte
497 3221 647 3302 vetuerit,
673 3224 713 3287 ob
737 3240 807 3286 eam
824 3240 957 3288 oausam
981 3239 1017 3287 se
1032 3221 1160 3287 nescire
1183 3221 1326 3304 simulat,
1351 3228 1387 3289 ut

157 3349 220 3412 per
254 3329 455 3412 Antigonam
489 3330 529 3394 de
567 3329 630 3394 hac
664 3347 699 3394 re
734 3347 844 3394 coram
883 3328 1125 3411 spectatoribus
1160 3327 1282 3395 certior
1316 3329 1385 3395 fiat.

158 3437 288 3504 Deinde
304 3437 408 3504 Creon
424 3438 514 3502 cives
530 3443 699 3517 convocat,
724 3442 761 3502 ut
776 3454 832 3501 eos
855 3435 944 3517 ipsos
960 3453 1001 3500 ne
1016 3435 1208 3519 Polynicem
1225 3435 1388 3518 sepeliant

159 3546 336 3626 deterreat,
361 3543 537 3626 praecipue
553 3549 671 3626 autem,
697 3549 733 3609 ut
756 3543 799 3608 iis
823 3561 904 3623 quas
928 3547 1058 3608 secutus
1074 3541 1165 3625 leges
1188 3547 1386 3624 regnaturus

159 3652 206 3718 sit
229 3655 382 3734 exponat.
421 3649 486 3718 Sed
509 3669 544 3717 se
558 3669 695 3733 regnum
720 3650 785 3716 iam
810 3656 886 3716 ante
910 3649 1093 3731 complures
1109 3649 1180 3714 dies
1204 3649 1386 3716 obtinuisse

159 3758 233 3842 ipse
257 3759 338 3825 dicit
361 3758 513 3825 versibus
538 3757 601 3823 170
613 3776 676 3838 sq.:

375 3880 427 3949 ὅτ’
450 3875 517 3950 οὖν
540 3881 685 3949 ἐκεῖνοι
709 3878 808 3970 πρὸς
832 3882 976 3970 διπλῆς
998 3879 1143 3969 μοίρας
1165 3879 1261 3965 μίαν

375 3987 462 4058 καθ’
486 3987 637 4080 ἡμέραν
660 3987 806 4056 ὤλοντο
829 3986 1009 4065 παίσαντές
1032 4012 1068 4054 τε
1089 3988 1145 4054 καὶ

375 4097 551 4186 πληγέντες
574 4095 742 4185 αὐτόχειρι
766 4095 826 4163 σὺν
849 4093 1025 4180 μιάσματι,

376 4203 450 4290 ἐγὼ
472 4202 594 4294 κράτη
618 4201 662 4293 δὴ
685 4201 814 4271 πάντα
836 4203 902 4271 καὶ
924 4200 1100 4293 θρέναυς
1123 4199 1207 4284 ἔχω.

256 4440 275 4508 ¹)
295 4439 394 4493 Suidus
415 4453 435 4494 o.
450 4453 474 4493 v.
495 4435 649 4508 Σοφοκλῆς·
670 4424 732 4508 ἦρξε
745 4434 793 4491 τοῦ
813 4435 904 4509 δρᾶμα
923 4432 991 4507 πρὸς
1003 4433 1095 4508 δρᾶμα
1108 4430 1303 4506 ἆγονλζισθαι,
1323 4429 1389 4488 ἀλλὰ

162 4527 198 4600 μη·
212 4533 436 4600 τειραλογεῖσοαι
456 4527 544 4596 (codd.
558 4531 809 4599 στρατολογεῖσοαι,
829 4526 900 4593 quod
919 4541 1001 4580 sensu
1014 4527 1111 4593 caret).
1142 4523 1184 4579 Oi.
1199 4522 1390 4591 N.Weclrlein,

166 4604 255 4688 ,boa
273 4620 333 4674 erne
352 4617 474 4688 rruogre
493 4617 540 4673 oea
560 4616 737 4686 aeschylus,
757 4615 864 4672 nunes.
879 4616 995 4672 αιτιοι.
1017 4615 1083 4670 reor
1104 4629 1129 4684 p.
1143 4613 1245 4682 cossa
