3522 5310
237 513 316 571 erat.
343 513 378 564 ut
402 510 518 584 gentes
544 523 626 586 qum
648 500 795 564 instituta
822 514 853 563 et
876 501 1043 582 ingenium
1069 502 1200 564 sincere
1225 500 1417 585 integreque

237 627 260 671 a·
291 607 484 692 contagione
514 606 650 671 aliarum
686 599 886 689 servassent,
919 615 1123 694 opponerent
1152 605 1291 671 Graecis
1327 605 1416 671 cultu

237 714 369 802 quidem
386 712 489 798 elatis,
508 713 568 778 sed
584 735 664 779 vera
679 721 802 806 παιδείᾳ
818 712 1016 779 carentibus.
1059 714 1174 800 ltaque
1201 713 1263 777 bac
1288 733 1418 800 quoque

237 846 272 887 re
305 822 534 908 comprobatur
569 831 602 885 et
630 820 813 886 Diodorum
849 819 994 886 ultimam
1027 831 1153 907 partem
1176 819 1250 885 libri
1273 822 1351 885 noni
1376 841 1418 884 cx

238 929 369 1016 Ephoro
395 930 590 1014 sumpsisse,
603 928 636 993 id
659 927 746 1014 quod
763 926 835 992 aliis
852 929 1053 1013 argumentis
1070 929 1133 992 iam
1151 930 1292 992 evictum
1310 927 1407 1010 erae)

242 1046 275 1100 et
298 1035 508 1101 Anacharsim
533 1037 595 1099 iam
621 1059 641 1100 a
666 1034 800 1120 Cynicis
825 1037 857 1100 in
883 1044 1008 1122 septem
1027 1037 1223 1120 sapientium
1247 1056 1418 1099 numerum

241 1143 377 1211 relatum
403 1165 488 1225 esse,
521 1166 585 1208 non
611 1142 651 1206 ab
677 1142 811 1230 Ephoro
836 1142 977 1224 demum,
1010 1145 1065 1229 qui
1090 1164 1131 1207 ex
1156 1142 1283 1207 illorum
1309 1165 1419 1207 narra·

241 1251 383 1316 tionibus
407 1250 614 1315 Anacharsin
640 1273 700 1316 suo
725 1251 861 1315 inseruit
877 1230 1044 1335 catalogo.
1084 1281 1086 1288 ·
1346 1232 1348 1236 ¹
1391 1233 1394 1242 ⁸

330 1358 433 1423 Vides
485 1360 583 1444 igitur
606 1357 771 1432 ¹Platonis
815 1357 1017 1444 temporibus
1057 1370 1181 1446 septem
1223 1359 1417 1444 sapientium

240 1466 420 1551 catalogum
451 1467 617 1530 exstitisse
646 1467 701 1551 qui
735 1464 933 1551 Cynicorum
966 1465 1095 1553 placitis
1124 1464 1297 1553 adoptatus
1331 1465 1418 1530 Ana-

240 1572 370 1638 charsin
388 1573 571 1660 sapientem
588 1571 733 1637 baberet.
781 1572 888 1657 Atque
909 1572 1088 1637 verisimile
1111 1591 1162 1638 est
1178 1571 1294 1638 eadem
1311 1581 1417 1637 aetate

241 1681 344 1746 fuisse
370 1679 555 1766 catalogum
580 1683 612 1745 in
637 1703 700 1767 quo
725 1679 949 1763 Periander,
980 1679 1221 1745 Corinthiorum
1249 1690 1418 1767 tyrannus,

240 1798 318 1868 erat,
337 1789 490 1875 quoniam
504 1798 610 1853 utrum
624 1787 804 1852 Periander
817 1797 943 1874 septem
961 1787 1164 1874 sapientibus
1181 1786 1419 1854 adscribendus

242 1905 330 1960 esset
363 1917 479 1970 necne,
519 1893 704 1960 Aristotelis
742 1895 943 1982 temporibus
984 1904 1143 1960 certatum
1180 1918 1255 1960 csse
1290 1896 1419 1960 videtur·
1471 1890 1476 1901 '

241 2003 350 2087 (Diog.
375 2003 482 2067 Laert.
506 2002 581 2067 199
600 2007 821 2094 Ἀριστοτέλης
845 2009 898 2094 μὲν
921 2010 976 2072 τὸν
999 2007 1208 2094 Κορίνθιόν
1232 2030 1320 2095 φησιν
1343 2004 1417 2071 εἶναι

241 2117 294 2180 τὸν
318 2115 421 2203 σοφόν,
446 2114 577 2179 Πλάτων
600 2117 637 2178 δὲ
661 2113 694 2178 οὔ
711 2135 783 2202 φησι
806 2110 895 2190 (vide
913 2133 997 2196 quae
1014 2113 1048 2175 in
1065 2133 1136 2196 cap.
1162 2109 1214 2175 111
1230 2109 1415 2196 exponam).

331 2218 445 2304 ltaque
459 2240 530 2282 mea
545 2218 677 2304 quidem
693 2217 954 2282 sententiaPlato
963 2216 1018 2282 illo
1026 2217 1224 2304 Protagorae
1234 2217 1306 2282 loco
1315 2240 1415 2282 unum

242 2326 282 2390 de
312 2337 439 2411 septem
467 2327 663 2412 sapientium
688 2323 844 2410 catalogis
874 2347 955 2410 quos
992 2327 1159 2390 exstitisse
1195 2325 1419 2390 demonstravi

243 2432 385 2513 exhibet,
409 2431 549 2498 fortasse
571 2433 867 2518 divulgatissimum
892 2455 930 2496 ac
948 2442 1108 2498 vetustate
1126 2433 1307 2519 probatum.
1336 2433 1419 2499 Nam

243 2541 330 2605 hunc
360 2550 411 2604 sat
432 2538 533 2605 multo
558 2550 633 2605 ante
656 2539 827 2605 Platonem
856 2543 1024 2605 inventum
1053 2563 1129 2605 esse
1153 2549 1345 2626 argumento
1371 2549 1421 2604 est

244 2649 470 2734 imperfectum
495 2653 630 2739 ἐλέγετο.
679 2647 743 2734 (Cf.
770 2671 800 2734 p.
828 2647 955 2733 naq).
1005 2647 1057 2712 An
1083 2647 1259 2713 verisimile
1291 2648 1420 2712 videtur

244 2757 355 2840 quinto
392 2754 523 2819 demum
548 2753 679 2819 saeculo
704 2765 829 2841 septem
860 2757 1054 2842 sapientium
1084 2755 1267 2841 catalogum
1298 2757 1417 2820 consti-

244 2873 348 2927 tutum
372 2885 447 2927 esse
472 2885 580 2948 neque
605 2864 711 2949 potius
737 2873 840 2940 sexto,
867 2861 954 2949 qnod
979 2886 1061 2928 aevo
1082 2862 1295 2950 plurimorum
1313 2864 1416 2950 quiin

244 2978 369 3055 septem
388 2970 582 3056 sapientium
608 2992 778 3035 nnmerum
795 2968 889 3034 relati
906 2981 991 3052 sunt,
1016 2973 1201 3057 proximum
1219 2981 1287 3036 crat
1304 2983 1336 3036 et
1353 2993 1417 3056 quo

243 3076 400 3142 novella
431 3078 519 3141 viros
548 3077 610 3140 iam
641 3077 728 3163 apud
757 3075 913 3163 aequales
943 3076 1049 3142 claros
1075 3077 1230 3142 clariores
1256 3078 1419 3142 reddidit?

334 3183 545 3250 Obsolefacta
571 3187 656 3248 enirn
674 3186 757 3271 epici
776 3186 930 3250 carminis
947 3183 1052 3250 forma
1073 3208 1138 3272 qua
1156 3185 1292 3250 heroum
1309 3185 1420 3251 fabula

244 3291 403 3373 utebatur,
444 3314 518 3356 curn
557 3303 693 3378 ποιηταῖς
729 3293 972 3357 successissent
1006 3301 1171 3384 λογοποιοί,
1211 3295 1244 3358 in
1284 3293 1419 3358 heroum

245 3398 375 3466 fabulae
412 3399 519 3465 locum
555 3399 656 3464 subiit
691 3422 783 3463 soror
819 3402 889 3465 eius
925 3410 1031 3465 aetate
1066 3403 1172 3465 minor
1196 3423 1279 3487 quae
1305 3400 1421 3466 dicitur

243 3505 382 3572 novella.
440 3507 537 3573 Anno
573 3531 600 3572 a.
642 3505 718 3573 Chr.
756 3531 786 3570 n.
819 3507 987 3574 ferecco
1008 3504 1055 3572 ¹in
1091 3519 1232 3573 mentem
1271 3507 1419 3574 Graecae

244 3617 383 3680 nationis
414 3615 567 3702 paulatim
598 3617 728 3701 irrepsit
752 3614 916 3702 profunda
946 3615 1113 3702 religionis
1145 3617 1316 3682 concussio
1346 3639 1419 3679 cum

244 3721 314 3787 aliis
339 3745 356 3786 e
381 3721 480 3787 rebus
516 3732 583 3786 turn
614 3724 819 3808 gravissimis
850 3721 998 3788 cladibus
1028 3736 1098 3788 orta
1123 3746 1203 3810 quas
1228 3724 1419 3788 Asia'omni

245 3831 310 3893 vita
344 3841 375 3894 et
404 3831 494 3894 victu
523 3829 652 3895 exculta
677 3841 708 3894 et
733 3829 875 3917 expolita
901 3855 919 3894 a
949 3830 1052 3918 Lydis
1075 3831 1253 3917 Persisque
1282 3833 1419 3916 accepit.

244 3937 331 4001 Fieri
347 3960 413 4002 non
426 3939 529 4024 potuit
541 3940 616 4024 quin
629 3960 736 4002 rerum
755 3960 887 4003 cursum
900 3937 1026 4002 litterae
1041 3937 1180 4002 subinde
1194 3948 1419 4024 sequerentur.

243 4043 399 4108 Novellae
411 4066 553 4131 xquoque
574 4045 670 4110 Musa
691 4049 772 4114 ἴσκεν
789 4050 905 4138 ψεύδεα
920 4053 1022 4115 πολλὰ
1037 4053 1136 4137 λέγειν
1152 4050 1302 4137 ἐτύμοισιν
1320 4051 1419 4138 ὅμοια.

245 4151 295 4214 De
327 4150 464 4236 singulis
501 4151 645 4238 probatis
678 4153 756 4216 viris
789 4154 843 4238 qui
880 4152 966 4238 apud
1003 4151 1158 4238 aequales
1189 4152 1418 4234 inclaruerunt,

243 4281 370 4322 summo
396 4281 469 4324 cum
495 4258 601 4323 studio
631 4259 732 4323 multa
760 4269 791 4323 et
819 4258 997 4345 praeclara,
1030 4259 1182 4341 iucunda,
1214 4260 1421 4324 delectationi

243 4364 557 4452 aptaperhibentm·‚
583 4369 659 4452 quin
690 4369 785 4430 etiam
815 4388 910 4450 quam
929 4366 1066 4453 plurima
1084 4369 1259 4450 finguntur.
1307 4367 1421 4432 'Palem

245 4512 276 4520 u·-
299 4511 315 4518 ·.
336 4513 415 4520 up..

353 4599 370 4660 ἰ
392 4597 494 4650 lloinze
514 4597 529 4648 l.
550 4597 565 4652 l.
587 4615 614 4665 p.
636 4597 696 4651 466.
737 4596 842 4658 cusolt.
863 4597 972 4652 Griecb.
994 4597 1108 4650 esscha
1128 4595 1154 4650 ll
1173 4614 1199 4665 p.
1220 4597 1262 4653 60.
