3452 5314
741 403 785 468 59

235 621 337 686 Plane
371 620 475 702 igitur
504 621 566 687 hoc
596 639 712 685 nomen
745 619 779 684 in
808 636 988 684 sermonem
1016 617 1172 684 Latinum
1204 622 1370 700 receptum

147 749 217 795 csse
241 729 373 794 videtur
396 727 482 794 sieut
506 731 560 811 leo,
586 727 670 808 quod
695 727 825 792 omuino
850 745 915 792 nou
938 725 1079 807 respexi.

235 836 414 901 Praeterea
444 855 527 901 unus
550 841 677 900 tantum
704 833 794 899 locus
826 839 945 914 exstat,
975 851 1037 915 quo
1062 853 1109 898 -es
1140 831 1272 916 syllaba
1295 851 1370 914 pro-

146 944 244 1009 ducta
268 961 339 1010 esse
362 942 510 1008 videtur:

229 1051 267 1116 ll.
281 1051 355 1116 Lat.
376 1049 453 1116 790:
485 1049 601 1115 Aer-ins
624 1051 801 1132 adsnrynnt
825 1049 937 1128 Troes,
961 1055 995 1114 at
1019 1047 1162 1114 alchaica
1184 1048 1287 1114 larba.

236 1158 359 1223 Tamen
389 1157 442 1222 bic
467 1176 593 1237 quoque
623 1157 715 1222 locus
746 1155 847 1222 facile
877 1154 952 1220 tolli
979 1174 1074 1237 posse
1103 1154 1244 1221 videtur.
1292 1155 1372 1220 (lum

147 1265 233 1330 enim
257 1264 479 1330 Baehrensius
508 1263 734 1330 adnotaverit:
779 1264 882 1346 ,atV
917 1265 960 1328 ad
988 1263 1047 1327 BF
1081 1269 1109 1328 et
1136 1261 1231 1327 EMN
1264 1261 1309 1347 (ct
1338 1261 1374 1326 in

146 1392 210 1437 ras.
230 1372 283 1455 G),
310 1371 432 1450 quidL
457 1374 615 1452 praebeat
638 1371 764 1436 dinosci
782 1370 896 1450 nequit
920 1369 951 1456 (7
974 1401 1005 1422 ε
1026 1377 1062 1450 et,
1089 1369 1117 1434 si
1141 1376 1230 1435 recte
1254 1368 1370 1454 vidi)“,

146 1478 260 1545 facilis
289 1485 340 1544 est
368 1478 558 1544 coniectura
587 1478 742 1544 Skutschi
775 1485 904 1560 poetam
936 1478 1043 1558 Troes,
1068 1479 1122 1542 sed
1152 1476 1326 1558 scripsisse
1337 1475 1370 1560 ¹).

234 1587 361 1666 Restat,
398 1593 434 1650 ut
471 1586 669 1652 mentionem
709 1585 832 1651 faciam
871 1585 996 1650 formae
1036 1584 1190 1667 elephanti
1200 1582 1235 1670 ²),
1276 1603 1371 1665 quam

146 1693 298 1760 adhibuit
321 1693 489 1760 luvenalis
513 1693 581 1758 XII
607 1692 680 1758 102.
765 1757 767 1762 ,

236 1801 469 1867 vocativorum
494 1800 549 1880 qui
573 1800 801 1866 inveniuntur:

236 1908 361 1974 Arabes
409 1907 603 1991 Corybantes
643 1907 767 1974 Caeretes
808 1907 976 1974 Danaides
1021 1907 1212 1972 Ennrenirles
1250 1905 1373 1974 Iliades

146 2016 335 2082 lemniades
359 2016 471 2099 Libyes
494 2015 637 2082 Pierides
663 2017 692 2080 T
691 2019 802 2082 raaeles

146 2133 390 2199 terminationis
420 2152 574 2198 mensura
604 2140 661 2199 aut
690 2133 854 2214 positione
885 2139 943 2198 aut
970 2132 1056 2212 quod
1086 2130 1234 2196 ultimam
1258 2148 1373 2196 versus

147 2240 311 2324 syllabam
336 2240 455 2322 explet,
481 2241 581 2306 dubia
605 2246 655 2306 est
679 2241 826 2321 exceptis
850 2240 902 2305 his
924 2239 1007 2306 loeis

238 2356 350 2423 Gratti
376 2358 453 2422 209:
478 2364 678 2442 nretayontes;
711 2357 798 2423 Stati
814 2356 980 2423 Silvarum
1003 2356 1038 2420 ΙΙ
1054 2357 1084 2438 3,
1104 2356 1136 2419 l:
1163 2355 1285 2423 Naides
1320 2353 1373 2419 ΙΙΙ

148 2467 179 2546 2,
200 2465 254 2529 13;
279 2465 443 2544 Nereides,
476 2464 654 2531 Thebaidis
671 2466 718 2531 tv
734 2464 799 2529 340
821 2469 853 2529 et
873 2465 906 2530 X
923 2464 1001 2530 354:
1027 2461 1181 2544 Arcades3
1206 2460 1373 2528 Martialis

147 2571 196 2636 VI
220 2572 272 2652 68,
291 2573 324 2636 2:
350 2571 482 2654 Naides,

148 2687 266 2768 quibus
306 2707 377 2753 eam
416 2694 602 2769 correptam
641 2707 710 2754 esse
750 2688 996 2754 continuatione
1031 2705 1183 2754 versuum
1223 2691 1372 2768 apparet.

147 2796 239 2860 Idem
263 2795 387 2862 lactum
411 2801 461 2861 est
485 2797 519 2860 in
543 2796 674 2861 senario
698 2795 857 2862 Senecae:

329 2913 391 2994 Ag.
417 2912 496 2977 660:
531 2913 682 2994 Troades
706 2919 734 2978 et
758 2913 848 2994 ipsae
869 2917 973 2978 vestra
997 2910 1190 2978 lamentabili

148 3030 183 3094 in
207 3049 268 3110 quo
294 3029 373 3110 quin
396 3031 475 3095 item
499 3029 610 3096 brevis
634 3029 688 3111 sit,
714 3027 859 3094 dubitari
884 3048 949 3093 non
972 3033 1091 3109 potest.

727 3225 800 3308 §a

361 3350 415 3415 De
445 3349 625 3432 genetivi
656 3349 784 3416 dativi
815 3349 988 3416 ablativi
1019 3349 1167 3415 formis.

240 3487 267 3550 1.
295 3485 476 3567 Genetiva,
494 3484 549 3565 qui
571 3485 698 3552 Graece
722 3503 781 3567 per
803 3507 859 3548 -aa
883 3483 1087 3566 terminatur,
1112 3489 1239 3566 poetae,
1264 3483 1294 3550 si
1317 3503 1375 3548 no-

148 3593 327 3658 minativus
351 3592 385 3656 in
409 3615 462 3667 -ος
486 3591 645 3670 excurrit,
669 3591 825 3656 Latinam
849 3591 1113 3657 terminationem
1136 3593 1177 3672 -i,
1208 3591 1238 3657 si
1262 3589 1297 3656 in
1319 3613 1376 3666 -ας

149 3700 202 3768 vel
218 3724 273 3785 -ης
295 3699 372 3782 exit,
394 3699 660 3765 terminationem
675 3721 729 3764 -ae
745 3701 912 3764 dederunt.
941 3699 1041 3765 (laius
1057 3700 1106 3765 rei
1125 3698 1275 3780 exempla
1290 3697 1373 3763 sint:

238 3807 361 3874 Baeebi
383 3807 501 3872 Phoebi
529 3845 571 3854 —
600 3809 721 3873 Aeneae
749 3807 948 3891 Pytbayorae
976 3844 1017 3854 -
1046 3806 1177 3873 Alcidae
1203 3806 1372 3890 Geryonae.

238 3914 389 3996 Nomina,
415 3933 551 3994 quorum
576 3915 797 3981 nominativus
822 3915 969 3982 Graecus
992 3934 1052 3996 per
1075 3938 1113 3980 -a
1136 3913 1260 3995 finitur,
1291 3931 1374 3980 sern-

147 4042 208 4104 per
231 4023 386 4088 Latinam
411 4022 676 4088 terminationem
699 4045 753 4089 -ae
776 4023 960 4104 ostendunt,
986 4027 1022 4088 ut

240 4131 341 4197 Asiae
364 4129 519 4197 Astraeae
541 4130 687 4196 Electrae
710 4129 883 4210 Phaedrae,

149 4237 214 4303 etsi
237 4237 410 4319 genetivus
435 4239 582 4304 Graecus
606 4237 640 4301 in
663 4261 718 4325 -ης
741 4237 881 4302 desinit:

239 4345 342 4412 Ledae
369 4341 468 4412 Ossae
490 4345 687 4429 Prosymnae
711 4345 835 4428 Scyllae
860 4345 1075 4429 Tryphaenae.

150 4473 358 4482 -—--—--..-.

242 4523 573 4593 ammana

242 4612 263 4681 ¹)
282 4611 585 4680 Neue1⁸p.493.-
606 4611 761 4667 Saalleld
780 4611 829 4669 lc.
847 4613 983 4680 ptddsq.
997 4641 1030 4652 -
1050 4610 1199 4683 Georges
1218 4610 1266 4667 lc.
1281 4609 1375 4680 pato.
