3522 5310
833 258 1043 360 Aa...

458 453 557 539 Apud
581 455 765 538 Diogenem
788 455 954 520 Laertium
979 455 1079 520 1119
1104 455 1151 538 (=
1167 453 1228 540 frg.
1246 455 1280 540 5)
1305 455 1420 520 Andro
1443 455 1526 520 duos

352 559 562 646 Pherecydes
587 559 765 645 distinguit.
802 560 1011 649 Pherecydes
1036 571 1145 626 autem
1168 562 1331 627 interdum
1353 563 1439 627 inter
1453 585 1527 649 sep·

352 676 417 730 tem
444 668 610 753 sapientes
634 665 775 733 refertur
799 668 908 754 (Diog.
930 669 1036 732 Laert.
1053 668 1070 732 Ι
1088 669 1129 733 13
1153 669 1205 734 42.
1243 667 1345 734 Clem.
1365 667 1527 736 Alexand.

352 773 469 840 Strom.
496 774 513 838 Ι
538 797 609 861 cap.
636 776 676 839 14
700 798 732 862 p.
751 776 825 858 129,
851 777 892 841 18
917 774 1031 863 syla).
1068 776 1217 863 Apparet
1240 774 1406 841 Andronis
1430 777 1527 840 inter·

352 879 458 946 fuisse
483 881 671 958 diiudicare,
696 905 775 947 num
799 881 881 947 alter
896 882 947 946 his
964 881 1204 948 adscribendus
1230 894 1321 949 esset
1336 893 1368 947 et
1382 893 1455 948 uter
1471 883 1526 948 ad-

356 986 551 1053 scribendus
569 998 668 1054 esset.
703 989 896 1055 Andronem
912 989 954 1054 de
970 989 1157 1078 Pythagora
1177 1012 1318 1078 quoque,
1337 993 1393 1078 qui
1410 1001 1442 1055 et
1458 993 1528 1079 ipse

352 1098 386 1161 in
411 1104 538 1182 septem
567 1098 764 1184 sapientium
800 1119 936 1162 numero
965 1106 1016 1162 est
1049 1098 1082 1162 in
1118 1096 1275 1184 catalogis
1300 1099 1474 1185 Hermippi
1497 1107 1530 1163 et

353 1201 534 1294 Hippoboti
571 1201 680 1289 (Diog.
705 1204 812 1269 Laert
839 1204 855 1267 I
880 1205 935 1284 42)
968 1213 1000 1269 et
1023 1203 1099 1270 alibi
1136 1205 1193 1290 (ΙΙ).
1217 1205 1325 1292 141),
1357 1204 1460 1270 verba
1483 1205 1498 1268 f
1515 1241 1527 1252 -

353 1312 440 1374 cisse
463 1309 666 1398 Porphyrius
689 1333 750 1376 nos
775 1310 872 1376 docet
900 1310 989 1400 apud
1012 1309 1193 1377 Eusebium
1216 1312 1333 1399 Praep.
1360 1335 1477 1398 evang.
1495 1312 1527 1376 X

353 1440 384 1504 p.
409 1417 474 1483 464
498 1447 532 1472 =
556 1417 618 1502 frg.
655 1418 685 1483 6.
732 1419 848 1483 Photio
873 1428 906 1483 et
928 1416 1032 1485 Suida
1067 1419 1204 1484 testibus
1240 1443 1266 1486 s.
1295 1443 1326 1486 v.
1355 1425 1477 1513 ΣαμΙων
1512 1426 1527 1488 ὁ

351 1531 450 1618 δῆμος
473 1553 506 1579 =
531 1524 598 1608 frg.·
623 1526 642 1589 7
671 1523 787 1590 Andro
818 1524 908 1592 Sami
938 1525 1065 1590 insulae
1090 1528 1289 1591 mentionem
1320 1527 1408 1609 fecit,
1444 1549 1528 1613 quae

355 1643 389 1696 ut
405 1635 511 1719 patria
527 1631 733 1718 Pythagorae
750 1634 872 1719 optime
889 1635 921 1697 in
938 1632 1157 1718 fragmentum
1172 1634 1192 1698 6
1210 1635 1371 1700 convenit.
1408 1632 1528 1698 Phere-

354 1740 472 1826 cydem
490 1749 596 1804 autem
615 1751 648 1803 et
662 1740 881 1826 Pythagoram
898 1739 939 1804 ab
953 1740 1110 1806 Androne
1127 1743 1211 1806 inter
1224 1752 1349 1828 septem
1363 1743 1528 1829 sapientes

222 1886 224 1890 ·
352 1846 472 1912 relatos
496 1868 560 1911 non
586 1869 661 1911 esse
685 1845 826 1910 Wulfius
851 1870 882 1933 p.
908 1847 1084 1913 25:187
1108 1859 1278 1935 procerte
1302 1848 1413 1931 habet,
1435 1847 1527 1913 cuius

353 1954 656 2040 argumentationen
680 1953 733 2017 hic
756 1951 903 2040 profero:
923 1950 1062 2038 '‘Itaque,
1091 1956 1120 2019 ai
1142 1977 1176 2021 re
1205 1977 1278 2020 aera
1300 1977 1402 2021 uuum
1424 1977 1462 2020 ee
1488 1957 1530 2021 iis

352 2064 435 2127 inter
457 2068 572 2144 septem
595 2062 754 2142 sapientes
776 2067 980 2134 numerasset.
1005 2067 1084 2126 certe
1107 2083 1177 2126 eum
1200 2083 1265 2127 noa
1288 2069 1354 2127 tom
1378 2067 1528 2156 ἀστρολό-

356 2196 413 2262 γον
422 2168 468 2234 vei
477 2173 727 2261 usotcyovquam
736 2191 835 2236 unam
845 2171 1004 2251 deceptam
1012 2169 1289 2252 illisaomiaosset3
1302 2171 1530 2251 qaodcumaoa

353 2278 467 2361 suomi,
490 2275 574 2342 hune
596 2277 696 2343 locum
718 2298 785 2344 meo
810 2279 878 2342 iure
901 2279 936 2341 in
959 2279 1153 2342 contrariom
1177 2282 1305 2358 partem
1328 2279 1530 2343 heasducere

349 2403 445 2467 posse
482 2383 562 2449 mihi
595 2386 717 2466 videor,
757 2406 829 2449 cwm
863 2385 1024 2468 affirmem
1061 2384 1268 2468 Pherecydem
1303 2385 1343 2449 ab
1377 2384 1530 2450 Androne

355 2490 480 2574 callepio
503 2512 566 2558 aon
594 2493 790 2572 adscriptum
813 2489 896 2557 eeae’.
944 2493 1052 2578 Atque
1074 2493 1100 2556 si
1125 2489 1269 2558 Wulfius
1293 2491 1336 2557 ad
1360 2494 1528 2558 ratiocina-

268 2664 275 2680 ,
356 2598 477 2662 tionem
514 2620 606 2662 suam
643 2598 835 2663 firmandam
864 2599 1026 2684 Diogenis
1054 2598 1175 2664 Laertii
1199 2597 1216 2662 Ι
1239 2599 1280 2664 41
1310 2601 1529 2664 testimonium

357 2707 481 2791 arripit,
504 2707 539 2770 in
563 2708 753 2771 memoriam
771 2727 903 2789 revoco,
929 2728 1013 2792 quae
1031 2705 1071 2770 de
1089 2706 1151 2770 hoc
1176 2705 1242 2770 dixi
1259 2729 1290 2806 p.
1308 2707 1351 2772 39
1369 2729 1417 2793 sq.
1456 2705 1530 2771 Mea

360 2811 492 2898 quidem
516 2814 680 2877 sententia
703 2834 764 2877 neo
787 2834 909 2897 negare
933 2835 995 2878 neo
1019 2812 1184 2878 affirmare
1207 2813 1284 2879 licet
1307 2811 1347 2878 ab
1372 2812 1529 2878 Androne

356 2917 583 3004 Pherecydem
608 2929 640 2983 et
660 2918 879 3005 Pythagoram
903 2921 987 2984 inter
1008 2930 1133 3007 septem
1153 2923 1319 3007 sapientes
1341 2929 1529 2985 numeratos

358 3048 442 3090 esse.
491 3025 680 3090 Andronem
711 3047 770 3112 per
799 3026 984 3111 fragmenta
1009 3026 1216 3113 aliquatenus
1244 3025 1414 3113 probabile
1438 3025 1475 3090 fit
1497 3026 1530 3089 in

359 3153 557 3218 unoquoque
574 3135 721 3220 sapiente
746 3135 957 3220 quiunquam
981 3135 1015 3198 in
1039 3144 1165 3220 septem
1184 3135 1378 3221 sapientium
1393 3155 1529 3199 numero

358 3250 435 3318 erat,
466 3241 575 3305 omnia
604 3242 825 3325 congessisse,
859 3262 943 3328 quae
972 3250 1109 3305 noverat
1139 3250 1172 3306 et
1198 3243 1429 3327 anquisivisse,
1466 3262 1530 3327 quo

358 3349 427 3414 iure
452 3349 679 3435 unusquisque
712 3347 774 3412 hac
804 3349 960 3434 dignitate
995 3357 1149 3416 uteretur.
1198 3349 1318 3430 Quanti
1347 3349 1442 3436 pretii
1475 3347 1530 3412 hio

357 3455 441 3520 liber
452 3455 619 3520 Andronis
636 3455 825 3541 deperditus
842 3455 950 3538 fuerit,
964 3455 1016 3520 vel
1030 3455 1106 3521 inde
1123 3478 1325 3542 cognoscere
1341 3476 1528 3542 possumus.

447 3562 637 3628 Andronem
662 3563 840 3650 Tripodem
877 3584 972 3628 suum
1008 3575 1083 3628 ante
1112 3563 1318 3651 Theopompi
1347 3561 1530 3651 Philippica

359 3671 465 3758 (Diog.
492 3672 599 3737 Laert.
624 3671 637 3736 l
665 3671 729 3736 116
754 3701 784 3726 =
809 3670 918 3736 FHG
943 3671 958 3736 Ι
982 3672 1061 3754 287)
1087 3673 1326 3758 conscripsisse
1350 3669 1531 3736 luculenter

358 3780 599 3845 demonstratur
623 3780 805 3865 fragmento
830 3789 931 3844 sexto.
971 3780 1054 3843 Nam
1079 3781 1207 3844 etiamsi
1224 3779 1312 3866 quod
1327 3777 1529 3865 Porphyrius

358 3895 468 3952 narrat
487 3885 735 3974 Theopompum
760 3910 802 3951 ex
829 3885 995 3952 Andronis
1023 3887 1166 3973 Tripode
1190 3885 1313 3974 aliquid
1338 3885 1528 3951 suffuratum

259 3983 261 3987 ’
359 4016 444 4070 esse,
478 3993 559 4058 nihil
587 3994 683 4076 valet,
715 4005 823 4058 tamen
847 3996 1017 4080 utriusque
1042 4004 1132 4058 aetas
1157 4003 1245 4058 certe
1269 3993 1444 4058 observata
1467 3995 1528 4056 est.

359 4103 403 4167 Ut
428 4101 594 4167 Andronis
613 4101 653 4170 de
677 4101 805 4188 tripode
821 4103 1040 4167 narrationem
1063 4097 1119 4167 ‘od
1141 4102 1389 4168 constituendum
1404 4100 1530 4165 Aradro·

358 4213 410 4274 aia
433 4215 565 4275 oetatem
588 4213 712 4294 eprepio
739 4211 828 4274 nobis
854 4211 1058 4290 suppeditare
1084 4210 1246 4292 subsidiu’,
1276 4207 1364 4295 quod
1387 4205 1530 4271 Wuliius

359 4339 389 4402 p.
418 4319 456 4381 ll
482 4346 516 4371 =
542 4316 605 4381 173
628 4326 729 4404 putat,
755 4339 908 4382 censeam
937 4325 1061 4382 tantum
1084 4315 1188 4400 abest,
1217 4326 1252 4381 ut
1274 4314 1363 4381 illam
1385 4317 1419 4379 in
1443 4335 1530 4378 erro·

360 4447 429 4488 rem
453 4424 609 4489 inducere
633 4445 773 4489 necesse
799 4426 849 4488 sit.
887 4424 995 4510 Atque
1020 4447 1055 4487 re
1079 4446 1159 4488 vera
1175 4421 1322 4488 Wulfius
1338 4424 1370 4486 in
1388 4441 1529 4487 errorem

360 4531 482 4614 incidit,
520 4553 594 4595 curn
632 4554 649 4595 e
689 4533 872 4595 narratione
913 4531 953 4596 de
992 4529 1118 4617 tripode
1152 4529 1312 4599 conclusit
1340 4529 1529 4594 Andronem
