3452 5316
820 375 1031 472 „AA-

401 585 547 650 Primum
585 585 714 665 quidem
754 586 901 652 videmus
936 587 1080 652 Aeneam
1120 585 1238 650 iterum
1278 584 1455 650 mutavisse
1495 585 1539 648 ad

313 712 404 758 suum
429 693 602 757 arbitrium
627 695 728 758 verba
752 693 915 776 Platonis,
946 695 1090 759 sednon
1122 693 1170 758 ita
1205 700 1241 757 ut
1263 711 1378 757 sensus
1407 691 1539 756 omnino

313 805 503 864 mutaretur.
556 800 637 864 Tum
674 807 781 865 autem
820 801 915 866 nobis
951 801 1094 866 occurrit
1129 800 1231 865 mirus
1267 818 1360 864 error
1395 799 1537 878 Aeneae,

312 907 431 988 quippe
455 906 511 987 qui
534 907 690 972 tribuerit
712 907 845 972 Platoni
869 911 971 974 verba
993 909 1128 973 Plotini.

401 1014 523 1079 Contra
539 1014 667 1079 Aeneas
692 1020 724 1078 et
747 1014 843 1078 Plato
868 1017 985 1079 bonum
1010 1015 1113 1080 solum
1140 1015 1269 1080 felicem
1294 1013 1479 1095 appellant:

313 1139 386 1220 229
432 1139 497 1222 elye
527 1135 724 1226 σωφροσύνη
753 1138 805 1204 καὶ
836 1140 896 1203 δι-
953 1141 1052 1222 Gorg.
1078 1140 1194 1205 lton
1221 1135 1279 1203 τὸν
1301 1135 1362 1220 μὲν
1384 1134 1445 1225 γὰρ
1469 1160 1539 1200 κα-

356 1243 512 1333 κοιοοιῗνη
558 1247 612 1310 καὶ
659 1242 797 1332 dvdper'a
842 1247 893 1311 nal
996 1245 1053 1311 λον
1088 1247 1140 1313 καὶ
1178 1243 1307 1328 ἀγαθὸν
1341 1241 1446 1331 ἄνδρα
1481 1243 1539 1308 καὶ

357 1351 518 1442 φρόνησις
538 1349 668 1440 ἀληθὴς
689 1349 895 1436 εὖδαιμονία.
996 1359 1132 1436 γυναῖκα
1156 1350 1336 1435 εὐδαίμονα
1364 1345 1449 1416 εἶναι’
1473 1373 1539 1438 aa·

995 1486 1045 1544 μι,
1068 1457 1126 1525 τὸν
1154 1459 1191 1526 δὲ
1213 1456 1328 1525 ἄδικον
1351 1457 1405 1523 καὶ
1435 1481 1540 1544 πονη-

997 1565 1054 1652 ρὸν
1078 1563 1207 1634 ἄθλιον.

401 1712 529 1777 Aeneas
561 1711 602 1775 22
619 1731 666 1790 sq.
703 1711 837 1776 summis
868 1711 964 1776 effert
1004 1711 1157 1776 laudibus
1188 1709 1369 1776 volunta-tis
1404 1713 1539 1772 nost-rae

310 1819 513 1898 libertatem,
543 1837 626 1898 quae
651 1838 710 1882 nos
734 1820 792 1883 deo
816 1819 942 1883 similes
966 1819 1095 1898 reddat,
1126 1836 1260 1897 eamque
1283 1815 1460 1881 maximum
1484 1813 1539 1878 dei

311 1928 428 1992 donum
468 1945 539 1991 esse
575 1932 725 1991 testatur.
785 1927 889 2009 Quam
925 1926 1107 1990 doctrinam
1146 1944 1211 1990 non
1249 1943 1325 1989 raro
1365 1941 1539 1988 occurrere

311 2033 407 2099 nobis
432 2033 464 2098 in
481 2033 632 2098 Platonis
656 2033 799 2114 dialogis
823 2033 896 2113 quis
921 2033 1049 2113 estqui
1074 2033 1227 2098 nesciat?
1274 2031 1377 2113 Quam
1402 2031 1442 2095 ob
1467 2048 1537 2093 rem

310 2160 375 2206 non
410 2140 527 2204 mirum
564 2146 628 2220 est,
665 2141 750 2219 quod
781 2142 910 2206 Aeneas
945 2141 1006 2204 hoc
1041 2140 1075 2203 in
1111 2159 1203 2204 suam
1237 2157 1305 2202 rom
1341 2145 1539 2202 convertens

310 2247 460 2312 Platonis
484 2247 583 2312 dictis
606 2265 666 2312 sua
690 2251 889 2329 comprobat.
937 2248 1007 2312 lam
1032 2247 1165 2328 singula
1188 2245 1432 2327 perlustramus.

312 2373 401 2455 aaa
437 2369 657 2437 α’δὲοποτον
692 2370 733 2437 δὲ
766 2370 894 2461 ἀρετὴ.
950 2373 1212 2453 {topicorum
1243 2367 1359 2458 ripere}
1384 2367 1425 2434 di
1447 2366 1540 2433 ddi-

996 2502 1149 2544 οποτον.

313 2589 402 2668 22,ss
436 2587 548 2670 βίαιον
575 2583 636 2673 γὰρ
665 2585 779 2651 οὐδὲν
808 2585 894 2651 κάλ-
949 2588 1029 2667 Rep.
1052 2587 1246 2652 V11536E
1277 2583 1338 2660 ilar,
1367 2575 1539 2670 rivd'e‘yo'r.

355 2695 467 2759 λιστον
487 2691 664 2781 μάθημα,
688 2690 757 2758 ‹ra'd'
773 2690 895 2779 ἀνάγκη
995 2691 1090 2759 οὐδὲν
1113 2690 1258 2780 μάθημα
1275 2687 1359 2776 μετὰ
1382 2689 1539 2766 δουλείας

355 2827 386 2866 at
410 2797 597 2885 γιγνόμενον
620 2799 705 2888 πρὸς
728 2798 896 2888 εὐφημίαν
994 2798 1052 2864 τὸν
1068 2799 1245 2888 ἐλεύθερον
1261 2796 1322 2887 χρὴ
1337 2795 1538 2882 μανθάνειν.

356 2905 552 2994 ἐπιτήδειον.
995 2905 1026 2971 οἵ
1073 2905 1133 2991 μὲν
1170 2905 1232 2993 γὰρ
1277 2909 1337 2973 τοῦ
1383 2905 1540 2988 σώματος

995 3012 1091 3080 πόνοι
1121 3013 1180 3102 βίᾳ
1202 3011 1401 3096 πονούμενοι
1424 3017 1539 3100 χεῖρον

902 3141 904 3144 ·
996 3119 1091 3187 οὐδὲν
1106 3119 1144 3186 τὸ
1162 3124 1257 3204 σῶμα
1281 3117 1537 3210 ἀπεργάζονται.

997 3231 1087 3316 ψυχῇ
1139 3227 1175 3294 δὲ
1220 3227 1366 3314 βίαιον
1412 3224 1538 3292 οὐδὲν

994 3333 1137 3419 ἔμμονον
1159 3333 1335 3422 μάθημα.

399 3460 494 3526 Plato
538 3479 654 3527 causas
690 3461 908 3544 perlustrans,
949 3462 1067 3541 quibus
1113 3462 1265 3527 commoti
1305 3462 1453 3527 homines
1501 3462 1537 3527 in

310 3576 446 3650 peccata
476 3568 637 3649 incidant,
672 3569 770 3634 tertio
801 3569 872 3633 loco
904 3575 1135 3634 commemorat
1167 3569 1404 3650 ignorantiam,
1437 3587 1535 3648 quarn

311 3677 439 3755 quidem
470 3676 735 3757 distinguendam
769 3695 841 3740 esse
874 3676 908 3740 in
940 3676 1122 3757 simplicem
1156 3683 1188 3742 et
1217 3676 1380 3758 duplicem
1413 3683 1536 3756 censet,

310 3791 407 3864 prout
434 3783 528 3846 homo
560 3789 617 3847 aut
648 3784 805 3862 ignorans
830 3784 907 3862 quid
930 3789 1054 3848 rectum
1085 3783 1131 3849 sit
1155 3761 1216 3849 aut
1238 3790 1359 3864 putans
1390 3801 1425 3848 se
1448 3785 1536 3848 scire

311 3909 393 3970 quae
433 3890 563 3954 omnino
603 3889 747 3970 ignoret,
797 3890 918 3955 iniuste
968 3898 1057 3971 agat.
1120 3891 1250 3956 Aeneas
1289 3890 1438 3955 imitatus
1485 3899 1538 3956 est

309 3996 478 4060 Platonem
508 3997 627 4060 docens
651 3996 812 4061 hominem
845 3997 942 4062 nimis
967 3997 1110 4063 deditum
1135 3997 1360 4079 voluptatibus
1389 3997 1538 4063 divitiis-

309 4122 371 4183 que
406 4103 529 4184 duplici
567 4106 679 4168 morbo
716 4102 868 4196 affectum
899 4124 983 4186 esse,
1020 4125 1091 4170 oum
1121 4124 1185 4170 non
1212 4105 1307 4170 modo
1337 4123 1417 4170 vera
1447 4107 1538 4171 bona

310 4209 454 4290 ignoret,
493 4211 551 4274 sed
591 4209 689 4275 etiam
729 4212 853 4276 caduca
892 4219 924 4277 et
963 4212 1117 4278 mortalia
1151 4232 1186 4277 re
1222 4231 1301 4278 vera
1337 4214 1424 4277 bona
1463 4233 1539 4278 esse

310 4323 456 4382 censeat:

311 4441 400 4522 27,ιο
429 4439 464 4506 Ὁ
487 4441 523 4505 δὲ
546 4441 649 4529 μηδὲν
674 4441 798 4507 corleum
822 4446 894 4509 dro—
949 4446 1051 4526 Logg.
1083 4445 1133 4510 IX
1157 4443 1271 4511 8630
1316 4440 1354 4509 ud
1385 4443 1447 4526 μὲν
1482 4443 1538 4509 ἀ-

357 4549 490 4635 νοηθοὶς
506 4547 647 4637 ἡσυχίαν
672 4545 760 4634 ἄγειν
784 4548 823 4615 ori
838 4549 894 4616 δύ-
994 4551 1097 4615 πλοιῗν
1113 4549 1218 4617 αὐτοῦ
1237 4549 1370 4639 κούφων
1386 4551 1540 4641 ἁμαρτη-
