3442 5324
733 407 775 474 53

228 623 341 703 Neque
365 623 399 687 in
422 623 557 689 Medea
583 623 697 689 fabula
712 623 891 705 Euripides
915 623 1055 690 discedit
1078 625 1119 688 ab
1144 623 1205 689 illa
1228 623 1366 690 ratione.

136 732 314 811 Postquam
347 730 433 796 enim
463 728 568 796 Creon
597 731 745 796 Medeam
773 728 930 796 Corintho
962 731 1118 796 decedere
1147 730 1260 813 iussit,
1291 731 1367 797 Iaso

136 838 209 920 ipse
240 837 275 904 in
305 857 457 904 scaenam
487 837 612 920 prodit,
650 838 708 918 qui
734 837 787 903 illi
811 837 968 904 viaticum
1001 837 1120 904 offerat
1148 837 1203 924 (cf.
1230 858 1259 905 v.
1277 837 1366 923 461).

136 944 246 1026 Atque
274 945 446 1011 occasione
475 946 553 1010 data
576 945 711 1011 Medeae
742 963 777 1010 se
805 963 870 1011 non
898 945 1008 1011 taedio
1039 944 1145 1027 ipsius
1173 950 1367 1012 commotum

136 1052 278 1118 alteram
301 1051 434 1118 duxisse
462 1071 596 1118 uxorem
621 1051 781 1134 explieat,
813 1052 870 1118 sed
894 1071 957 1133 quo
981 1052 1212 1118 auctoritatem
1242 1051 1368 1119 subolis

135 1179 216 1225 suae
240 1165 385 1241 augeret.
434 1158 560 1243 Quibus
583 1159 695 1227 verbis
719 1159 836 1225 Medea
863 1158 939 1241 ipsa
962 1178 1058 1240 quam
1082 1158 1367 1227 vehementissime

135 1264 287 1333 obsistit:
329 1284 364 1332 se
395 1264 500 1348 ipsius
532 1266 644 1347 gratia
677 1265 887 1332 atrocissima
917 1266 1066 1348 pericula
1096 1266 1238 1332 subiisse
1269 1271 1368 1346 atque

134 1374 208 1440 sine
241 1372 311 1438 ulla
349 1372 554 1438 dubitatione
584 1379 712 1455 patrem
747 1372 954 1455 patriamque
990 1373 1218 1456 dereliquisse,
1253 1378 1369 1440 contra

134 1480 243 1562 ipsum
275 1479 337 1545 illa
366 1478 528 1546 beneficia
563 1479 627 1546 isto
658 1479 753 1546 modo
783 1479 849 1545 sibi
879 1479 1072 1546 reddidisse.
1119 1480 1184 1546 Sed
1214 1479 1287 1561 quis
1318 1484 1369 1546 est

133 1586 215 1668 quin
246 1585 384 1652 miretur
411 1586 561 1652 Iasonem
590 1587 709 1667 quibus
737 1592 915 1652 commotus
944 1587 1053 1653 causis
1082 1585 1233 1653 Creontis
1263 1585 1367 1652 filiam

133 1694 168 1760 in
209 1692 454 1760 matrimonium
490 1693 635 1775 duxerit,
675 1712 761 1758 nunc
796 1692 902 1775 ipsum
942 1693 1038 1760 uxori
1073 1693 1255 1776 explicare,
1295 1712 1368 1759 cum

133 1800 273 1882 nuptiae
303 1800 382 1866 illae
421 1801 487 1867 iam
516 1801 572 1866 diu
607 1805 762 1882 peractae
793 1803 912 1866 erant?
958 1802 1064 1885 Quam
1092 1820 1160 1866 rem
1191 1800 1367 1867 absurdam

134 1908 291 1974 eomodo
315 1907 493 1975 tollendam
518 1926 588 1974 0000
606 1907 799 1976 Wecklinus
823 1915 942 1990 censet,
967 1913 1004 1974 ut
1019 1909 1170 1974 Iasonem
1193 1913 1366 1991 postquam

134 2016 299 2083 Glaucam
327 2035 461 2082 uxorem
486 2015 630 2098 duxerit,
660 2016 808 2082 Medeam
839 2015 906 2080 iam
934 2035 999 2082 uon
1023 2015 1234 2098 conspexisse
1262 2020 1367 2081 statu-

134 2123 254 2190 endum
277 2122 323 2188 sit
333 2121 367 2208 1).

226 2230 349 2297 Contra
371 2229 453 2296 mihi
477 2231 608 2311 quidem
630 2248 823 2312 persuasum
848 2237 898 2296 est
921 2231 1071 2296 Iasonem
1101 2232 1141 2296 ob
1166 2247 1237 2295 eam
1262 2228 1365 2294 solam

133 2358 205 2404 rem
229 2357 314 2404 nunc
337 2339 464 2404 demum
481 2338 629 2403 Medeam
654 2338 827 2404 decausis
852 2336 919 2404 illis
937 2337 1109 2403 certiorem
1134 2335 1255 2418 iacere,
1280 2336 1366 2416 quod

133 2445 364 2527 priusquam
399 2464 519 2513 novum
550 2444 633 2510 illud
663 2445 905 2511 matrimonium
937 2445 1051 2526 iniret,
1082 2463 1156 2509 cum
1182 2462 1283 2509 uxore
1313 2443 1365 2509 his

133 2553 175 2618 de
200 2553 299 2617 rebus
323 2551 466 2632 colloqui
490 2551 535 2634 ei,
561 2571 645 2632 quae
669 2557 764 2617 erant
785 2571 839 2617 res
863 2551 1036 2618 scaenicae
1060 2551 1275 2632 Graecorum,
1300 2535 1365 2616 non

132 2659 275 2740 licebat;
307 2658 391 2724 illud
418 2659 505 2726 enim
528 2657 685 2740 temporis
716 2666 912 2725 momentum
943 2660 986 2724 ad
1008 2659 1067 2725 hos
1096 2677 1260 2724 sermones
1289 2677 1365 2722 con-

132 2767 291 2833 serendas
315 2766 521 2849 aptissimum
546 2765 620 2832 luit.
661 2766 755 2849 Quod
779 2765 924 2833 everbis
940 2766 1076 2832 Medeae
1099 2765 1204 2847 ipsius
1227 2772 1366 2847 apparet

131 2874 225 2940 hisce
250 2873 293 2959 (v.
311 2873 495 2958 586-87):

297 2991 391 3078 χρῆν
415 2986 455 3065 o',
479 2990 592 3078 εἴπερ
617 2985 722 3077 ἦσθα
745 2987 795 3076 μὴ
818 2987 949 3066 κακός,
972 2985 1167 3055 πεῖσαντά
1189 3012 1236 3072 με

297 3101 435 3180 γαμεῖν
457 3093 579 3182 γάμον
601 3093 712 3175 τόνδ’,
737 3092 834 3161 ἀλλὰ
857 3093 908 3185 μὴ
932 3099 1019 3184 σιγῇ
1042 3096 1176 3185 φίλων.

157 3279 160 3286 1
225 3223 321 3305 Quod
343 3223 372 3288 si
396 3223 581 3304 accidisset,
610 3222 684 3288 fieri
711 3241 777 3288 non
800 3222 963 3304 potuisset
990 3221 1069 3302 quin
1093 3228 1259 3288 certamen
1282 3221 1365 3287 illud

133 3336 202 3395 tam
234 3329 403 3411 proprium
434 3329 606 3411 Euripidis
641 3329 744 3395 multo
776 3336 853 3395 ante
884 3328 1016 3394 initium
1047 3327 1182 3394 fabulae
1217 3334 1365 3394 exortum

134 3441 232 3502 esset.
280 3437 326 3504 Ut
353 3442 462 3502 autem
490 3437 524 3501 in
548 3454 669 3502 scaena
700 3435 773 3518 ipsa
803 3434 863 3501 illa
887 3437 927 3501 de
950 3455 987 3501 re
1010 3436 1196 3518 disceptare
1226 3435 1364 3517 possint,

133 3543 211 3609 Iaso
247 3561 380 3609 causam
411 3543 560 3624 quamvis
595 3543 726 3608 inanem
756 3541 856 3609 affert
882 3543 982 3624 hanc,
1018 3561 1077 3608 cur
1104 3543 1254 3608 Medeam
1288 3548 1365 3608 ante

134 3649 271 3732 nuptias
294 3649 426 3716 consilii
455 3648 546 3715 illius
570 3649 736 3716 consciam
764 3648 876 3716 facere
900 3649 1026 3716 veritus
1049 3649 1095 3714 sit
1118 3649 1162 3736 (v.
1179 3648 1364 3734 588—90):
1431 3659 1434 3664 '

349 3765 473 3842 καλῶς
494 3763 522 3850 γ’
546 3761 597 3845 ἄν,
620 3758 727 3848 οἶμαι,
750 3763 836 3850 τῷδ’
858 3761 1073 3854 ὐπηρὲτεις
1095 3763 1203 3851 λόγῳ,

350 3873 386 3938 εἴ
410 3895 472 3938 σοι
494 3870 618 3957 γάμον
641 3877 844 3951 κατεῖπον,
869 3869 955 3961 ἥτις
978 3869 1071 3940 οὐδὲ
1094 3875 1160 3938 νῦν

348 3979 496 4067 τολμᾷς
518 3984 707 4062 μεθεῖναι
729 3978 896 4068 καρδίας
918 3977 1040 4064 μέγαν
1062 3976 1188 4060 χόλον.

226 4213 266 4279 In
305 4213 468 4279 Electra
505 4233 583 4281 vero
619 4211 798 4295 Euripides
835 4213 937 4278 multo
977 4213 1049 4279 veri
1087 4211 1229 4279 similius
1267 4231 1365 4293 quam

227 4428 247 4497 ¹)
266 4427 412 4496 Euripides
430 4425 539 4494 Medea,
565 4426 627 4482 adn.
648 4426 683 4479 ad
702 4442 726 4481 v.
741 4425 808 4480 466:
835 4425 925 4494 „Man
947 4423 1096 4480 0000001010
1118 4423 1274 4491 uoretellm,
1300 4424 1365 4480 does

136 4517 224 4572 Jaacm
249 4516 299 4570 dos
323 4522 391 4571 erate
416 4515 492 4582 Mol,
519 4515 629 4571 0010100
657 4531 686 4570 er
709 4515 760 4569 deu
788 4531 875 4570 00000
898 4513 1034 4568 Etrduad
1059 4513 1238 4584 occallescere,
1266 4513 1364 4569 Medea

138 4607 318 4663 wtadmetat
