3462 5312
231 649 261 713 6.
295 647 393 712 hletri
424 647 619 712 necessitate
649 645 865 730 accusativi¹)
890 646 1069 729 nominum,
1102 666 1236 726 quorum
1266 647 1370 712 nomi-

143 755 276 823 nativus
301 755 448 821 Graecus
479 754 513 818 in
536 780 571 841 -η
601 755 685 837 exit,
717 754 907 820 terminatio
932 754 1063 819 Graeca
1090 775 1142 819 -en
1172 753 1368 836 postulatur,

142 863 172 928 si
207 868 283 928 ante
314 861 460 929 vocalem
497 861 720 942 insequentem
756 861 864 944 posita
901 867 963 943 est,
1000 866 1037 925 ut
1071 861 1180 926 hiatus
1217 859 1367 927 evitetur.

143 969 321 1053 Quominus
346 975 454 1034 autem
479 969 564 1034 hane
586 987 719 1034 causam
742 987 896 1050 magnum
920 975 1117 1034 momentum
1141 969 1183 1033 ad
1207 967 1370 1034 Graecam

142 1076 406 1142 terminationem
437 1077 634 1141 servandam
661 1076 813 1141 attulisse
841 1081 1006 1158 putemus,
1038 1075 1073 1140 id
1102 1074 1253 1157 impedit,
1285 1075 1370 1155 quod

143 1183 444 1264 inter2431000s
471 1183 588 1263 quibus
611 1209 666 1271 -ην
690 1188 855 1251 servatum
880 1189 939 1264 est,
964 1183 1007 1248 53
1032 1188 1159 1248 tantum
1183 1188 1272 1264 sunt,
1298 1182 1370 1261 qui-

141 1293 203 1357 bus
226 1291 352 1358 vocalis
383 1291 539 1370 sequitur.
587 1292 637 1356 Eo
668 1291 742 1373 plus
773 1298 810 1356 ut
833 1292 875 1356 ad
903 1291 1090 1373 genetivum
1121 1291 1170 1355 ita
1200 1291 1242 1356 ad
1274 1308 1370 1355 acon-

141 1398 284 1465 sativum
308 1397 548 1463 terminandum
573 1399 725 1464 conferre
749 1398 978 1480 intellegemus
1001 1397 1197 1464 nominativi
1214 1397 1268 1464 vel
1291 1416 1370 1462 non-

141 1524 307 1585 nunquam
331 1505 469 1571 alterius
494 1525 589 1572 casus
615 1505 764 1571 formam.
813 1506 971 1588 Sexagies
996 1505 1081 1571 enim
1107 1505 1368 1570 terminationem

142 1613 304 1678 Graecam
326 1617 543 1679 servaverunt
567 1613 750 1679 accusativi
775 1633 884 1678 eorum
902 1613 1077 1694 nominum,
1103 1630 1238 1693 quorum
1260 1631 1370 1677 omnes

140 1720 277 1803 reliqui,
317 1720 372 1800 qui
407 1720 633 1799 inveniuntur,
674 1739 769 1786 casus
805 1721 933 1787 Graece
971 1726 1047 1786 sunt
1085 1719 1252 1785 declinati.
1307 1720 1371 1785 Sed

143 1828 274 1894 Graeca
305 1827 411 1892 forma
442 1827 491 1893 ita
514 1827 641 1908 placuit
663 1827 784 1910 poetis,
816 1835 852 1892 ut
880 1847 919 1893 ea
948 1828 1048 1893 etiam
1078 1827 1252 1893 allicerent
1275 1846 1371 1892 accu-

142 1934 270 2000 sativos
297 1936 336 1999 19
353 1933 527 2016 nominum,
553 1952 689 2013 quorum
713 1934 773 1999 alii
797 1954 893 2000 casus
917 1954 981 2000 non
1005 1935 1225 2000 inveniuntur.
1259 1934 1371 2013 Neque

142 2041 243 2107 aliter
271 2040 364 2106 flexit
386 2041 488 2108 Silius
511 2041 650 2107 Italicus
673 2041 690 2106 Ι
714 2042 756 2107 27
788 2042 955 2125 Mycenen,
988 2041 1080 2108 cuins
1105 2043 1143 2106 de
1167 2040 1288 2106 Latino
1313 2060 1372 2107 no-

141 2147 304 2214 minativo
329 2167 429 2230 snpra
453 2150 496 2232 (p.
517 2148 594 2234 151)
617 2148 737 2214 monui.

233 2263 410 2328 Praeterea
441 2263 476 2327 in
508 2263 699 2329 accusativo
734 2283 863 2346 semper
892 2264 1181 2346 graecissaverunt
1214 2263 1372 2330 nonnulla

143 2371 290 2452 nomina,
328 2389 462 2451 quorum
498 2371 720 2439 nominativus
755 2371 843 2437 inter
877 2372 1071 2437 Latinorum
1107 2379 1140 2438 et
1171 2373 1371 2438 Graecorum

142 2497 238 2544 usum
261 2478 406 2543 fluctuat.
454 2479 493 2543 In
517 2478 578 2544 hoc
600 2498 721 2561 genere
745 2481 965 2544 numerandae
989 2485 1065 2544 sunt
1088 2480 1150 2546 hae
1174 2478 1315 2544 formae:

234 2595 402 2660 Alcmenen
424 2597 562 2676 praebet
577 2595 710 2676 Seneca,
736 2595 791 2676 qui
815 2595 850 2660 in
874 2595 1077 2662 nominativo
1095 2614 1221 2675 quoque
1244 2613 1372 2676 semper

143 2703 308 2768 Graecam
330 2702 594 2768 terminationem
619 2703 774 2769 servavit.

235 2807 342 2875 Creten
366 2810 550 2876 invenimus
574 2810 661 2891 apud
684 2810 857 2875 Manilium
881 2811 927 2877 IV
946 2811 1024 2890 788,
1054 2810 1109 2889 qui
1134 2809 1371 2875 nominativum

140 2917 263 2997 variat,
296 2924 328 2981 et
352 2916 387 2982 in
410 2916 626 2998 Priapeorum
650 2917 795 2982 carmine
818 2917 955 2998 LXXV,
981 2918 1066 2998 quod
1091 2917 1229 2984 Graecis
1254 2916 1370 2982 formis

142 3025 299 3090 abundat.

234 3131 369 3198 Nemeen
393 3137 501 3197 exstat
525 3133 612 3213 apud
634 3131 803 3198 Valerium
826 3131 984 3197 Flaccum
1008 3130 1060 3196 III
1083 3131 1163 3211 611,
1189 3131 1245 3210 qui
1269 3128 1372 3196 nomi-

142 3238 293 3304 nativum
324 3259 387 3304 non
419 3239 582 3321 adhibuit,
614 3239 801 3322 genetivum
833 3245 865 3304 et
893 3239 1022 3304 Nemees
1051 3245 1084 3302 et
1107 3237 1242 3304 Nemeac
1271 3235 1371 3304 decli-

116 3378 120 3386 ·
143 3345 251 3428 navit,
282 3346 438 3411 hocloco
462 3352 570 3412 autem
594 3345 749 3410 Latinam
775 3347 914 3411 formam
938 3345 1089 3410 Nemeam
1113 3343 1256 3411 evitasse
1280 3343 1372 3412 vide-

143 3461 212 3534 tur,
253 3453 339 3533 quod
373 3452 538 3518 antecedit
576 3475 680 3537 qnam.
733 3453 859 3518 Eadem
903 3453 1009 3517 forma
1042 3451 1152 3518 vocali
1187 3451 1372 3531 insequenti

143 3560 313 3643 postulata
344 3580 420 3626 usus
445 3565 495 3625 est
518 3559 645 3626 Statius
669 3559 848 3625 Thebaidis
878 3559 961 3625 loeis
992 3558 1039 3627 IV
1055 3559 1130 3641 646,
1148 3559 1223 3641 664,
1248 3559 1296 3627 VI
1318 3557 1371 3639 88,

143 3686 280 3748 quorum
310 3687 370 3748 per
400 3667 587 3749 analogiam
615 3668 759 3747 reliquos
783 3686 910 3747 quoque
941 3667 1030 3733 locos
1061 3667 1108 3734 lV
1125 3666 1199 3748 688,
1224 3665 1272 3733 VI
1296 3665 1371 3745 368,

145 3775 211 3840 385
244 3775 345 3840 flexit.
394 3775 456 3840 Sed
484 3775 600 3840 mirum
629 3783 693 3857 est,
726 3776 810 3854 quod
841 3774 898 3839 ille
927 3781 1025 3856 poeta
1054 3793 1120 3839 non
1147 3772 1373 3839 accusativum

144 3882 286 3948 Nemean
309 3882 473 3964 adhibuit,
503 3881 635 3947 tametsi
663 3881 860 3947 nominativi
889 3900 1016 3963 semper
1045 3880 1193 3949 servavit
1216 3879 1372 3945 termina-

143 3989 267 4055 tionem
292 3990 492 4056 Graecorum
516 4008 605 4054 more
628 3990 830 4071 productam.

238 4094 330 4163 Oeten
354 4097 578 4162 accusativum
602 4096 741 4179 legimus
766 4097 853 4178 apud
876 4096 1033 4163 Senecam
1058 4102 1090 4161 et
1113 4096 1290 4173 Lucanum,
1316 4093 1373 4174 qui

145 4204 384 4270 nominativum
417 4223 543 4284 quoque
575 4205 736 4270 Graecum
770 4210 1000 4285 servaverunt,
1040 4203 1106 4268 nisi
1138 4221 1253 4268 versus
1285 4201 1372 4267 ratio

146 4314 315 4390 obstabat,
356 4319 388 4377 et
422 4311 456 4376 in
492 4311 579 4378 Stati
609 4311 777 4377 Thebaide
814 4311 830 4376 I
860 4312 937 4392 119,
983 4311 1017 4375 in
1052 4329 1115 4390 qua
1150 4308 1373 4376 nominativus

146 4418 276 4485 omnino
301 4437 365 4484 non
389 4418 565 4485 invenitur.

239 4635 256 4702 ¹)
276 4632 457 4687 Sniehotta
477 4632 526 4689 lc.
547 4649 571 4700 p.
585 4634 627 4686 53.
