3522 5310
843 323 1056 425 *53-
1125 343 1166 352 ,,

361 527 486 600 llobloo,
519 527 564 602 τίς
592 525 687 589 αὐτοῦ
710 529 894 614 σοφώτερος.
939 527 992 589 καὶ
1019 525 1073 589 τὸν
1104 524 1230 589 ἀνειπεῖν
1253 523 1386 590 Μύσωνα
1414 575 1420 589 .

243 629 245 636 ’
362 636 428 721 περὶ
456 634 550 697 αὐτοῦ
573 633 613 714 δὴ
636 632 713 695 τάδε
737 630 851 696 ἀνεῖπεν
875 633 892 697 ὁ
916 631 1044 708 Πύθιος·

547 739 674 804 Οἰταῖόν
696 740 764 802 τινά
787 761 862 827 φημι
884 737 1006 803 Μύσων’
1030 739 1072 803 ἐνὶ
1096 739 1175 820 Χηνὶ
1197 738 1341 824 γενέσθαι

548 853 604 911 σοῦ
628 847 745 934 μᾶλλον
767 847 962 934 πραπίδεσσιν
984 845 1122 934 ἀρηρότα
1144 847 1369 936 πευκαλίμῃσιν.

369 949 398 1033 [ὁ
420 949 449 1018 δ’
475 955 632 1042 ἐρωτήσας
654 951 691 1033 ἦν
708 947 948 1041 Ἀνάχαρσις].1)

452 1057 562 1121 Primo
590 1057 689 1140 igitur
719 1053 792 1121 loeo
821 1055 1020 1121 Andronis
1048 1056 1268 1121 narrationem
1297 1055 1427 1142 protuli,
1464 1057 1540 1143 quia

363 1163 417 1228 hio
442 1162 532 1228 solus
555 1164 677 1228 diserte
702 1163 744 1228 de
765 1161 896 1250 septem
921 1165 1117 1250 sapientium
1138 1165 1316 1228 certamine
1333 1161 1435 1228 verba
1450 1160 1537 1229 feeit.

363 1271 437 1336 Hoo
472 1271 570 1356 igitur
604 1279 687 1335 teste
711 1270 826 1356 Argivi
857 1271 1100 1356 sapientissimo
1126 1269 1329 1335 Graecorum
1357 1273 1537 1356 praemium

363 1380 491 1443 virtutis
511 1378 672 1464 tripodem
696 1387 940 1464 proposuerunt
962 1377 1293 1463 sapientissimusque
1309 1375 1538 1442 Aristodemus

362 1485 524 1551 iudicatus
548 1495 608 1568 est,
634 1487 690 1572 qui
713 1487 893 1573 praemium
917 1483 1046 1550 Chiloni
1071 1485 1245 1551 oonoessit.
1280 1485 1396 1572 Itaque
1412 1485 1534 1550 Aristo·

362 1594 480 1658 demus
502 1595 683 1679 praemium
708 1593 836 1678 aooepit
859 1592 946 1678 quod
970 1593 1086 1658 viatori
1108 1591 1177 1656 dari
1194 1591 1332 1674 solebat,
1356 1614 1421 1657 non
1439 1615 1537 1657 seeus

362 1709 461 1786 atque
484 1699 662 1764 Hesiodus.
699 1699 766 1764 Sed
788 1709 825 1764 ut
846 1701 876 1763 is
899 1700 1036 1784 gratiam
1059 1699 1210 1764 referens
1226 1699 1408 1765 Helieoniis
1432 1698 1536 1764 Musis

363 1818 419 1872 aut
434 1807 577 1894 Apollini
593 1806 755 1893 Delphioo
776 1807 936 1893 tripodem
954 1806 1094 1887 dedioat,
1118 1808 1163 1872 ita
1179 1808 1276 1871 etiam
1293 1806 1536 1872 Aristodemum

364 1916 425 1980 deo
461 1915 558 1980 alieni
593 1917 774 2001 praemium
811 1937 906 1979 suum
942 1912 1168 1980 dedicaturum
1204 1923 1389 2001 exspectes.
1449 1914 1537 1996 Quid

362 2031 471 2087 autem
493 2021 549 2086 hie
572 2021 673 2086 facit?
708 2021 837 2087 Chiloni
861 2024 1043 2108 praemium
1068 2022 1227 2087 coneedit.
1266 2021 1368 2088 Cuius
1391 2024 1439 2086 rei
1460 2044 1534 2087 oau-

363 2154 432 2194 sam
447 2131 616 2216 Diogenes
630 2131 782 2196 Laertius
794 2153 860 2195 non
879 2130 987 2214 refert,
1005 2130 1067 2194 sed
1082 2129 1229 2217 reliquae
1244 2131 1448 2195 narrationes
1462 2151 1534 2194 oam

363 2238 458 2304 nobis
483 2237 694 2324 suppeditare
720 2237 878 2315 videntur,
910 2237 1037 2302 seilicet
1060 2237 1148 2325 quod
1173 2238 1402 2302 Aristodemus
1426 2235 1535 2302 Chilo-

363 2369 439 2410 nem
464 2347 694 2431 sapientiorem
721 2357 817 2433 atque
842 2345 903 2409 hoo
934 2345 1055 2410 honore
1084 2343 1266 2431 digniorem
1295 2367 1370 2410 esse
1399 2347 1533 2432 putavit.

451 2451 558 2534 Quam
583 2451 721 2516 formam
746 2451 787 2516 ab
812 2452 969 2516 Androne
993 2450 1170 2516 exhibitam
1194 2450 1466 2516 Lacedaemoniis
1489 2450 1536 2516 fa-

361 2581 437 2622 vere
462 2570 607 2645 apparet,
632 2569 769 2646 uterque
794 2561 880 2624 enim
898 2560 1162 2646 sapientissimus
1179 2569 1230 2624 est
1244 2559 1535 2624 Lacedaemonius.

361 2664 450 2746 Quid
480 2665 618 2730 mirum?
665 2666 747 2731 Inde
782 2677 881 2752 patet,
918 2677 1117 2752 quantopere
1155 2665 1304 2752 singulae
1332 2665 1536 2731 Graecorum

361 2784 477 2858 gentes
508 2773 673 2860 urbesque
706 2795 765 2838 suo
790 2796 941 2860 quaeque
964 2771 1112 2860 populari
1144 2776 1324 2859 praemium
1358 2775 1536 2860 sapientiae

362 2881 516 2944 addioere
541 2881 734 2946 studuerint.
783 2879 876 2946 Obilo
910 2880 1053 2967 quidem,
1089 2882 1220 2967 primus¹
1245 2880 1398 2966 ephorus,
1435 2879 1535 2945 multo

347 2990 483 3052 'maiore
509 2989 688 3075 sapientiae
712 2988 800 3052 fama
822 2985 972 3052 utebatur
990 2987 1208 3069 Aristodemo,
1233 2989 1288 3072 qui
1305 2997 1430 3073 septem
1449 2989 1535 3073 sapi-

364 3098 487 3160 entium
509 3118 645 3160 numero
670 3118 731 3182 per
746 3095 851 3160 solum
869 3094 1061 3160 Andronem
1078 3096 1219 3158 insertus
1237 3103 1295 3159 est.
1324 3095 1536 3160 'Aristodemo

366 3201 498 3288 quidem
522 3205 586 3267 iam
611 3206 691 3267 satis
717 3204 859 3288 antiquis
883 3200 1086 3288 temporibus
1111 3202 1234 3267 dietum
1250 3209 1393 3295 χρήματα
1408 3205 1535 3294 χρήματ’

363 3314 437 3401 ἀνήρ
461 3309 661 3375 vindicatum
688 3319 748 3392 est,
774 3307 862 3395 quod
885 3309 1036 3394 Diogene
1059 3309 1189 3372 Laertio
1206 3309 1280 3375 131
1306 3318 1339 3373 et
1362 3307 1470 3373 Sohol.
1495 3307 1537 3372 ad

361 3416 455 3482 Pind.
480 3415 593 3482 Isthm.
620 3417 654 3481 ΙΙ
681 3417 720 3480 17
745 3416 884 3480 testibus
909 3415 1053 3481 Aloaeus
1087 3415 1130 3500 (=
1155 3416 1218 3500 frg.
1238 3415 1358 3500 ·4913⁴)
1389 3425 1535 3481 noverat.

451 3523 517 3590 Sed
535 3527 591 3609 qui
606 3524 855 3589 Aristodemum
872 3545 972 3588 unum
990 3540 1011 3587 e
1025 3533 1151 3609 septem
1168 3522 1371 3609 sapientibus
1388 3523 1535 3602 afferunt,

364 3653 495 3716 semper
517 3629 683 3695 Andronis
709 3632 893 3696 testimonio
917 3631 1073 3714 nituntur,
1106 3633 1199 3694 euius
1224 3633 1271 3694 rei
1296 3630 1398 3694 verba
1421 3628 1536 3694 soholii

363 3736 406 3801 ad
437 3737 568 3802 Pindari
604 3738 711 3803 loeum
747 3738 878 3804 allatum
912 3738 1106 3802 dooumento
1138 3747 1223 3802 sunt.
1278 3743 1471 3831 Σπαρτιάτην
1501 3743 1537 3805 δὲ

455 3989 473 4048 ¹)
493 3986 569 4040 Haeo
592 3987 678 4041 verba
702 3987 807 4042 inolusi.
837 3991 985 4056 postquam
1008 3987 1065 4040 iam
1089 3986 1201 4040 Bohren
1224 3987 1310 4040 tertia
1333 3984 1536 4040 dissertationis

362 4091 428 4128 suae
447 4075 521 4128 thesi
540 4093 574 4129 ea
593 4075 712 4130 delenda
732 4093 793 4130 esse
812 4077 963 4146 proposuit.
998 4076 1074 4130 Haeo
1095 4071 1194 4144 ‘inepte
1212 4075 1262 4130 hoo
1280 4076 1336 4130 loeo
1356 4073 1451 4128 addita
1469 4089 1536 4134 esse.
1577 4124 1582 4136 ,

363 4164 482 4220 Wulfius
510 4183 536 4234 p.
560 4165 595 4218 39
615 4189 648 4213 =
668 4166 719 4219 201
749 4165 823 4219 haud
852 4165 977 4234 ignorat;
1004 4182 1068 4219 nam
1097 4164 1251 4220 Sosiorates
1278 4165 1354 4234 apud
1382 4163 1536 4233 Diogenem

362 4254 505 4308 Laertium
523 4254 537 4307 Ι
556 4253 616 4318 106,
640 4255 780 4309 Diodorus
804 4255 842 4308 IX
865 4257 890 4317 ὃ,
910 4257 926 4307 2
950 4272 1003 4309 neo
1025 4273 1081 4308 non
1107 4254 1258 4309 Pausanias
1283 4253 1295 4307 l
1318 4254 1361 4318 22,
1380 4254 1398 4306 8
1420 4253 1537 4307 tradunt

362 4361 418 4398 non
437 4343 590 4406 Chilonem,
611 4346 660 4398 sed
682 4346 851 4399 Anacharsis
870 4345 911 4398 ita
929 4347 1070 4400 oraculum
1090 4343 1256 4415 Delphinum
1277 4342 1457 4398 consuluisse.
1482 4341 1536 4396 Sed

362 4449 395 4486 ee
414 4434 449 4488 ob
468 4434 498 4487 id
515 4434 606 4504 ipsum
626 4437 657 4487 ut
676 4435 813 4502 glossema
832 4435 906 4502 quod
920 4435 948 4488 in
961 4437 1072 4488 textum
1090 4434 1243 4504 irrepserit,
1263 4433 1384 4486 delenda
1404 4447 1537 4487 essenon

361 4523 528 4592 intellegens
547 4525 618 4578 hane
638 4524 786 4578 stultitiam
799 4523 919 4592 Diogeni
933 4525 1043 4578 Laertio
1065 4524 1189 4578 vindieat
1208 4541 1264 4578 non
1284 4541 1364 4578 secus
1377 4521 1537 4591 atqquoe-

363 4613 414 4666 lius
434 4633 460 4684 p.
481 4614 541 4666 774.
