3522 5310
559 672 562 679 Ι
649 730 833 884 'Caput
870 731 950 840 lV.

316 932 370 1000 lic
392 932 530 1020 septem
553 930 771 1016 sapientium
794 930 1030 1000 conventibus
1054 929 1311 1015 conviviisque.

316 1092 460 1158 Platonis
485 1091 539 1158 illo
556 1114 656 1180 quem
672 1091 769 1157 modo
793 1091 885 1157 attuli
907 1090 981 1157 loco
998 1091 1141 1176 (Protag.
1165 1089 1244 1174 343)
1260 1093 1402 1176 primum

226 1204 348 1268 mentio
390 1200 427 1264 fit
469 1209 652 1265 conventus
698 1210 822 1286 septem
864 1200 1071 1285 sapientium.
1120 1197 1226 1278 Quam
1270 1196 1401 1262 fabulae

228 1310 365 1374 formam
395 1305 565 1373 Platonem
596 1308 804 1392 excogitasse
834 1306 923 1371 haud
951 1304 1129 1370 verisimile
1159 1314 1219 1388 est,
1248 1306 1401 1391 quoniam

227 1417 268 1482 ab
292 1415 347 1481 illo
370 1417 475 1502 primo
500 1423 626 1502 septem
650 1415 816 1500 sapientes
851 1416 884 1479 in
909 1411 1093 1498 catalogum
1122 1414 1313 1478 coniunctos
1338 1434 1402 1476 non

228 1547 303 1590 esse
327 1521 558 1589 intelleximus.
607 1520 789 1607 Collegium
814 1523 936 1608 pariter
959 1531 1056 1609 atque
1074 1518 1258 1605 catalogum
1276 1529 1402 1606 septem

229 1632 426 1719 sapientium
449 1629 541 1694 Plato
566 1652 584 1693 e
607 1628 697 1695 fonte
721 1631 834 1694 nescio
858 1650 923 1714 quo
948 1629 1008 1693 sed
1036 1651 1101 1694 uno
1126 1627 1233 1694 habet.
1282 1627 1403 1694 Graeci

227 1742 290 1804 iam
315 1738 547 1803 vetustissimis
567 1736 770 1823 temporibus
792 1739 987 1823 cogitatione
1009 1736 1071 1801 sibi
1089 1736 1269 1822 depingere
1287 1757 1402 1822 coepe·

228 1857 303 1912 runt
327 1847 407 1910 viris
431 1847 529 1910 animi
554 1842 763 1909 inclinatione
788 1847 936 1929 cognatis
961 1866 1116 1930 magnum
1139 1847 1223 1908 inter
1247 1865 1403 1908 seusam

227 1955 342 2020 luisse.
367 1953 475 2038 Atque
490 1973 617 2017 summo
634 1974 708 2016 cum
722 1951 829 2016 studio
843 1951 1029 2017 huiusmodi
1041 1949 1181 2016 fabellae
1194 1959 1402 2030 exornantur,

228 2062 310 2128 alter
332 2059 498 2144 magister,
523 2057 604 2124 alter
628 2058 809 2145 discipulus
834 2059 936 2123 fuisse
959 2058 1073 2142 fertur,
1102 2068 1157 2124 aut
1185 2057 1326 2122 amicitia
1348 2067 1406 2122 aut

227 2169 416 2234 inimicitiae
440 2169 524 2232 inter
548 2166 630 2231 tales
654 2169 743 2232 viros
767 2165 942 2252 finguntur,
967 2177 1002 2231 ut
1026 2168 1113 2231 omni
1133 2165 1231 2230 modo
1248 2164 1404 2251 aequales

228 2277 334 2366 putari
356 2275 492 2361 possint.
539 2271 763 2358 Neglexerunt
793 2276 878 2338 enim
907 2273 1099 2362 plerumque
1129 2272 1250 2338 Gracci
1278 2282 1402 2338 certum

228 2405 385 2449 annorum
412 2390 600 2467 computum
624 2390 721 2468 atque
744 2380 895 2446 homines
920 2403 1024 2468 aeque
1049 2403 1088 2445 ac
1113 2403 1166 2444 res
1182 2378 1289 2464 longia
1306 2382 1403 2444 inter·

229 2490 324 2555 vallis
353 2489 516 2552 discretos
546 2488 856 2572 consociaverunm)
903 2487 1018 2574 Neque
1046 2487 1164 2552 iniuria
1195 2487 1275 2551 dicit
1301 2487 1404 2550 Bern-

228 2596 375 2662 hardtius
399 2596 419 2661 l.
444 2595 465 2659 l.
490 2618 521 2681 p.
547 2597 582 2660 9:
615 2595 693 2676 „Mic
722 2594 874 2659 Vorliebe
907 2595 1016 2680 bringi
1045 2595 1098 2660 dic
1123 2595 1208 2679 Sage
1233 2593 1403 2658 beriihmte

227 2704 365 2770 Manner
388 2725 590 2784 zusammen,
615 2724 669 2767 um
694 2705 742 2766 aie
766 2705 824 2767 mit
847 2702 940 2767 ihren
964 2701 1103 2781 Woffem
1134 2704 1182 2766 sei
1207 2725 1244 2766 es
1268 2701 1403 2787 kdrper-

227 2810 336 2875 lichen
365 2812 412 2874 sei
442 2832 479 2874 es
507 2811 678 2894 geistigeu,
715 2809 787 2874 sich
816 2832 949 2874 messan
977 2831 1017 2874 zu
1041 2807 1163 2874 lassen.
1210 2809 1258 2873 Es
1281 2816 1405 2893 goniigt

228 2918 280 2983 bei
298 2918 361 2983 deu
377 2916 543 2982 Griechen
557 2939 597 2982 an
611 2917 773 2982 Homeros
791 2916 858 2981 und
870 2915 1046 2998 Hesiodea,
1063 2916 1117 2981 bei
1134 2915 1199 2980 den
1210 2913 1403 2980 Deutschen

229 3049 270 3090 an
310 3023 473 3110 Sieglried
510 3023 579 3088 und
618 3023 767 3088 Districh
807 3026 952 3088 erinnert
989 3045 1031 3088 zu
1069 3022 1187 3088 haben.
1234 3022 1301 3086 Fur
1340 3022 1404 3087 den

231 3132 396 3197 Griechen
435 3130 515 3197 aber
549 3142 674 3196 musste
714 3153 749 3195 es
787 3131 883 3196 einen
921 3130 1129 3196 besonderen
1167 3129 1246 3194 Reiz
1286 3128 1404 3210 haben,

230 3240 367 3304 Manuer
398 3261 459 3304 aus
495 3238 558 3303 den
595 3239 889 3304 verschiedensten
921 3237 1098 3322 Stammen,
1135 3239 1168 3302 in
1197 3236 1407 3323 praktischer

228 3345 390 3411 Weisheit
404 3345 561 3428 bewchrt,
587 3345 658 3410 sich
674 3349 719 3411 im
731 3347 875 3434 Kampsa
892 3368 933 3409 zu
950 3345 1093 3428 denisce,
1110 3346 1154 3410 im
1171 3341 1404 3430 Wettkampfe‚

229 3454 288 3518 der
312 3477 348 3518 so
380 3453 457 3517 sehr
485 3456 518 3518 in
547 3453 606 3518 der
633 3453 859 3519 Nationalsitte
883 3453 1067 3537 begriindet
1090 3475 1166 3535 war,
1199 3452 1278 3517 dass
1303 3449 1406 3516 selbst

229 3560 365 3627 Weiber
389 3561 459 3626 sich
483 3560 575 3626 nicht
598 3561 768 3648 schemen,
791 3561 847 3626 ilrn
873 3558 1038 3626 offentlich
1063 3584 1117 3626 um
1142 3560 1206 3625 den
1229 3560 1323 3624 Preis
1348 3559 1406 3624 der

230 3666 410 3734 Schiinheit
452 3669 521 3733 und
560 3667 753 3734 hiiuslichen
792 3669 975 3753 Tugendeu
1022 3690 1062 3732 zu
1102 3667 1406 3750 unternehmeu.“'²)

231 3776 281 3840 lta
305 3798 333 3841 e.
361 3799 393 3862 g.
425 3776 576 3840 Leschcn
606 3786 639 3840 ct
666 3798 739 3840 eum
769 3777 904 3841 Arctino
938 3774 1053 3861 (Clam.
1083 3774 1261 3840 Alexandr.
1287 3775 1404 3840 Stuom.

231 3883 246 3948 l
271 3883 311 3947 21
337 3907 369 3970 p·
397 3882 493 3966 144,9
518 3882 607 3970 Sylb.
634 3889 857 3977 διημιλλῆσῦαι
885 3890 922 3954 δὲ
949 3889 1003 3952 τὸν
1031 3888 1152 3977 Λέσχην
1179 3879 1328 3975 Ἀρκτΐνῳ
1356 3889 1407 3951 καὶ

228 3999 410 4077 νενικηκέναι
433 4000 465 4055 et
489 4013 564 4056 cum
580 3989 757 4078 Hesi0d03)
775 4000 953 4056 certantem
977 3989 1128 4056 fecerunt
1171 3989 1237 4056 Sed
1260 3990 1406 4076 praecla-

229 4099 353 4163 rissimi
391 4097 572 4164 adversarii
610 4098 775 4165 Homerus
814 4098 1048 4185 Hesiodusque
1088 4106 1190 4180 erant,
1234 4099 1290 4184 qui
1329 4099 1406 4184 quin

230 4204 386 4294 aequales
410 4203 551 4270 luissent
573 4208 715 4294 antiquis
740 4205 941 4293 temporibus
970 4227 1134 4292 nunquam
1165 4204 1299 4270 dubium
1330 4215 1407 4270 erat.

232 4323 444 4332 ——a—-—.

322 4367 341 4429 ¹)
361 4363 402 4423 cf.
423 4365 541 4434 Roeper‚
569 4363 668 4418 Philol.
689 4363 730 4418 111
760 4363 852 4436 (1848)
880 4383 907 4433 p.
927 4364 970 4417 38.
990 4363 1075 4431 Diels,
1104 4363 1203 4418 Rhein.
1227 4363 1296 4416 Mus.
1317 4362 1406 4416 XXXI

230 4453 323 4520 (1876)
342 4473 369 4524 p.
391 4455 432 4508 14.

320 4543 340 4611 ’J
360 4541 401 4598 of.
421 4543 509 4598 stiam
528 4543 635 4610 Rolrdc,
655 4543 763 4598 Griech.
783 4543 905 4598 Reman²
923 4562 950 4612 p.
970 4543 1031 4598 332.

321 4633 558 4704 ‘leobertane
578 4652 603 4689 u.
625 4634 693 4689 nica
711 4655 737 4706 p.
757 4637 817 4689 aaa.
