3522 5310
357 493 560 576 grammatici
584 503 675 557 actas
700 491 808 575 dubia,
834 492 893 556 sed
918 515 993 556 eum
1016 514 1081 556 non
1106 503 1181 556 ante
1205 493 1336 555 tertium
1361 489 1528 555 saeculum

359 597 464 664 fuisse
493 608 616 664 certum
646 611 711 682 esta
742 622 815 664 nam
844 600 1061 686 Harpocratio
1093 621 1119 663 s.
1150 622 1180 663 v.
1203 601 1283 683 Ἄκη
1310 619 1385 662 eum
1418 597 1531 662 urbem

352 709 448 792 Ἀκην
473 706 610 771 eandem
636 718 733 792 atque
749 705 932 771 Ptolemain
956 707 1081 772 dixisse
1097 707 1203 772 tradit.
1250 705 1381 770 Nummi
1399 704 1530 769 demon·

359 821 464 878 strant
493 813 579 879 hanc
613 813 726 880 urbem
755 837 860 901 usque
891 813 933 878 ad
957 837 1077 879 annum
1108 815 1173 879 266
1198 811 1328 878 Seleuci
1352 812 1465 894 fuisse,
1490 811 1530 876 ab

360 920 421 985 hoc
446 919 524 985 vero
559 943 643 1011 anno
666 920 928 986 Ptolemaeorum
953 920 1150 1006 imaginibus
1175 922 1278 985 ornati
1303 930 1386 985 sunt.
1434 918 1530 984 Unde

359 1026 620 1093 concludendum
646 1038 696 1092 eet
720 1026 781 1092 hoc
798 1050 882 1092 anuo
899 1029 1013 1094 urbem
1030 1051 1049 1092 a
1066 1027 1252 1092 Ptolemaeo
1269 1026 1302 1090 ll
1317 1024 1530 1112 Philadelpho

359 1135 466 1200 denuo
491 1135 653 1199 conditam
680 1137 775 1221 eique
799 1157 920 1200 nomen
936 1141 1110 1228 Πτολεμαῒς
1125 1134 1262 1200 inditum
1284 1135 1401 1212 esech.
1448 1131 1531 1199 Cum

359 1243 503 1308 Nicanor
540 1242 634 1307 Acen
672 1242 853 1308 Ptolemain
892 1244 1129 1322 nominaverit,
1170 1250 1307 1328 apparet
1344 1265 1418 1306 eum
1457 1250 1558 1327 post.

360 1370 480 1414 annum
505 1350 570 1414 266
593 1355 826 1442 Μετονομασίαις
860 1352 1046 1436 scripsisse,
1078 1349 1288 1414 Maeandrius
1322 1349 1422 1432 igitur
1456 1359 1530 1444 ante

359 1479 432 1522 eum
469 1457 537 1522 fuit.
583 1456 692 1543 Atque
730 1457 772 1538 ad
811 1457 898 1522 hune
936 1479 1095 1522 annorum
1135 1467 1333 1544 computum,
1374 1459 1402 1520 si
1440 1467 1531 1521 recte

360 1564 515 1647 conclusi,
552 1564 691 1650 quadrat
725 1562 962 1630 Callimachum
997 1564 1224 1630 Maeandrium
1259 1575 1410 1629 secutum
1445 1587 1530 1628 esse.

359 1672 470 1754 Quare
495 1670 705 1736 Maeandrius
734 1682 808 1736 ante
834 1671 1070 1738 Callimachum
1100 1682 1156 1737 aut
1184 1674 1254 1736 eius
1284 1669 1430 1758 aequalis
1460 1671 1529 1736 fuit.

451 1796 588 1862 Wulfius
613 1820 643 1882 p.
669 1798 711 1862 22
736 1827 769 1851 =
796 1798 858 1863 184
887 1797 1111 1876 Maeandrium
1136 1820 1201 1862 uon
1232 1795 1335 1861 multo
1368 1799 1531 1862 seniorem

359 1902 569 1987 Callimacho,
593 1904 686 1969 Arati
702 1903 909 1985 familiarem,
936 1906 1023 1970 circa
1038 1927 1141 1969 annos
1159 1905 1260 1970 330-
1271 1905 1313 1970 20
1329 1915 1438 1968 natum
1457 1927 1531 1968 esse

359 2010 479 2077 iudicat
490 2009 563 2076 loco
576 2013 683 2084 nixus,
698 2014 753 2097 qui
766 2012 807 2076 ad
817 2011 1041 2077 Maeandrium
1054 2011 1248 2076 referendus
1262 2035 1327 2077 non
1340 2021 1399 2094 est,
1408 2010 1530 2076 nedum

358 2129 497 2183 aetatem
515 2121 584 2182 eius
602 2118 738 2183 delinire
756 2121 868 2205 possit.
916 2119 978 2183 Est
993 2121 1079 2183 eninr
1097 2121 1130 2186 in
1151 2121 1217 2184 vita
1233 2119 1324 2183 Arati
1341 2118 1529 2203 (Westerm.

358 2227 467 2310 Biogr.
492 2249 522 2312 p.
547 2226 599 2291 60.
645 2226 766 2308 Maass,
797 2225 1015 2292 Commentar.
1040 2229 1074 2291 in
1098 2229 1234 2291 Aratum
1254 2225 1347 2313 reliq.
1375 2251 1406 2312 p.
1435 2224 1529 2312 325);

358 2334 506 2418 (Aratus)
534 2341 706 2427 σονίριμασο
738 2335 766 2404 δ’
790 2339 985 2426 Ἀλεξάνδρῳ
1019 2349 1063 2425 τῷ
1096 2340 1236 2424 Αἰτωλῷ.
1260 2341 1312 2404 καὶ
1339 2339 1530 2427 Καλλιμάχῳ

358 2447 411 2510 καὶ
434 2447 598 2533 Μενάνδρῳ
626 2449 677 2511 καὶ
700 2445 833 2533 Φιλητᾶς.
880 2442 945 2506 Hic
972 2442 1014 2506 de
1042 2445 1173 2507 nomine
1196 2447 1360 2532 Μενάνδρῳ
1392 2454 1529 2506 rescat.

358 2546 413 2612 Sic
442 2551 529 2613 enim
558 2549 715 2626 scribunt,
744 2559 779 2612 ut
807 2572 848 2612 ex
877 2549 1020 2614 Maaesio
1048 2549 1068 2614 l.
1101 2550 1120 2614 l.
1156 2549 1370 2636 eiusdemque
1399 2549 1530 2613 Arateis

358 2653 485 2741 (Philol.
503 2655 701 2720 Untersuoh.
719 2657 787 2720 XII
810 2680 841 2743 p.
866 2657 945 2743 323)
968 2659 1038 2720 scio
1063 2667 1095 2721 et
1110 2655 1258 2744 Diltheyi
1280 2655 1396 2721 litteris
1413 2655 1529 2736 debeo,

357 2760 458 2828 Palat.
485 2763 559 2828 137..
586 2763 688 2828 Vatic.
717 2764 811 2830 1371.
858 2763 962 2829 Paris.
988 2765 1084 2830 2843.
1110 2763 1214 2840 2860,
1237 2765 1334 2828 2726.
1361 2771 1530 2857 μελανδρίῳ

358 2870 460 2934 Paris.
486 2869 588 2954 2403,
612 2893 733 2935 nomen
757 2873 915 2936 omissum
940 2881 990 2936 est
1006 2873 1039 2936 in
1055 2873 1159 2936 Vatic.
1186 2871 1280 2937 1910.
1306 2872 1408 2936 Paris.
1432 2872 1529 2936 2728.

358 2975 547 3066 Secundum
563 2976 742 3042 Maassium
767 2981 822 3065 qui
838 2979 946 3042 Bethii
970 2976 1196 3043 collationibus
1213 3001 1294 3042 usus
1312 2988 1370 3058 est,
1396 2977 1532 3064 praebet

357 3083 559 3150 Matritensis
582 3084 622 3149 61
656 3089 855 3178 μελανχρίῳῖ)
884 3096 916 3150 et
945 3086 986 3151 67
1012 3093 1195 3179 μελαγχρίῳ.
1243 3085 1427 3150 Meinekius
1452 3107 1529 3149 vero

358 3193 391 3255 in
415 3191 658 3256 Westermanni
682 3193 823 3258 editione
848 3216 878 3279 p.
903 3193 948 3258 60
971 3193 1026 3279 (cf.
1052 3195 1149 3258 etiam
1172 3190 1267 3258 Anal.
1285 3192 1380 3258 Alex.
1405 3217 1435 3278 p.
1454 3193 1530 3275 215)

358 3303 531 3389 Μενάνδρῳ,
561 3301 617 3385 qui
644 3309 770 3368 tantum
798 3323 856 3386 pro
887 3303 1011 3365 comico
1041 3299 1154 3365 haberi
1183 3310 1300 3386 potest,
1333 3322 1529 3387 quamquam

358 3425 466 3488 neque
493 3403 674 3471 Alexandri
705 3429 811 3492 neque
841 3406 1033 3472 Callimachi
1067 3429 1175 3492 neque
1205 3407 1348 3473 Philotae
1383 3406 1529 3495 aequalis

360 3525 438 3588 erat,
471 3515 504 3576 in
529 3519 705 3607 Μαιανδρίῳ
740 3515 929 3580 mutandum
966 3526 1177 3599 nostrumque
1206 3514 1370 3580 Milesium
1406 3513 1529 3580 intelle-

356 3620 500 3705 gendum
527 3643 601 3684 esse
626 3624 760 3708 putavit.
807 3623 951 3687 Maassio
969 3623 1103 3706 (Aratea
1118 3647 1149 3710 p.
1175 3622 1251 3708 323)
1276 3621 1358 3687 haec
1375 3621 1530 3686 Meinekii

358 3728 545 3791 coniectura
580 3727 746 3815 probatur,
782 3732 902 3817 quippe
942 3733 995 3793 cui
1034 3732 1196 3816 scriptura
1235 3730 1357 3795 codicis
1392 3729 1531 3794 Parisini

357 3941 450 4008 Πάρος.
479 3939 589 4009 τοῦνομα
612 3942 658 4011 μὲν
681 3940 777 4010 λέγεται
800 3943 848 3997 ἀπὸ
868 3943 954 4012 Μάροο
979 3949 1023 3998 τοῦ
1041 3942 1187 4012 Παρρασίου
1207 3942 1296 4012 ἀνδρὸς
1315 3942 1440 4011 Ἀρκάδος
1458 3935 1530 4012 ἔχειν,

358 4031 392 4091 ὡς
421 4029 589 4102 Καλλίμαχοι.
628 4033 745 4100 Νικάνωρ
774 4032 803 4086 δὲ
831 4027 856 4087 ίν
884 4038 938 4096 ταῖς
962 4033 1160 4102 Μετονομασίαις
1186 4032 1325 4101 κεκλῆσθαί
1352 4053 1426 4100 φησιν
1454 4030 1531 4101 αὐτὴν

358 4119 471 4173 Πακτίαν
501 4161 532 4173 ,.
555 4163 560 4174 .
590 4119 682 4174 Schol.
704 4121 790 4190 Apoll.
812 4121 900 4175 Rhod.
921 4121 958 4174 lV
981 4121 1034 4174 262
1059 4125 1177 4191 Νικάνωρ
1207 4123 1235 4178 δὲ
1263 4121 1341 4190 λέγων
1368 4117 1395 4177 ἐν
1414 4117 1530 4191 Alpinam

356 4213 455 4275 πρῶτον
473 4213 604 4279 suffiunt
621 4211 691 4266 atta
709 4209 795 4278 Θήβας
813 4212 856 4265 καὶ
876 4210 948 4273 αὐτὸς
968 4217 1101 4280 ουμφωνεῒ
1116 4219 1151 4280 τῷ
1167 4212 1316 4284 Ἀρχεμάχῳ
1335 4209 1361 4266 ἐν
1379 4215 1433 4274 ταῖς
1451 4215 1531 4266 Μετο-

356 4297 485 4365 νομασίαις
503 4298 555 4363 (sic
567 4298 599 4352 Η.
615 4299 683 4353 Keil.
705 4300 870 4368 μετωνυμίαις
888 4300 1006 4364 Ltaur.);
1026 4301 1090 4354 vide
1109 4301 1246 4355 Diodorfii
1265 4300 1475 4354 adnotationem
1494 4299 1530 4352 ad

356 4383 606 4454 Harpocrationem
626 4387 653 4440 ll
671 4407 697 4457 p.
718 4389 769 4453 23).

449 4488 469 4550 ¹)
490 4485 532 4538 Cf.
552 4485 644 4551 Niese,
665 4487 765 4540 Gesch.
786 4488 810 4539 d.
832 4487 942 4540 Grieoh.
962 4507 987 4540 u.
1008 4489 1157 4542 Makedon.
1178 4489 1292 4542 Staateu
1313 4489 1339 4542 Il
1357 4506 1384 4557 p.
1405 4487 1530 4550 laruas.

448 4583 468 4654 ²)
489 4583 530 4637 Ci.
551 4583 633 4638 etiam
654 4583 763 4655 Iriarte,
784 4585 852 4654 Reg.
872 4585 1003 4640 Biblioth.
1024 4587 1127 4640 Metuit.
1147 4588 1208 4641 cod.
1228 4587 1275 4642 Gr.
1294 4587 1360 4640 Mes.
1378 4605 1406 4656 p.
1425 4585 1486 4639 203.
