3452 5314
745 407 788 472 39

245 623 426 688 Lucanus
457 642 517 705 per
539 645 609 688 -eus
638 621 801 706 syllabam
826 640 956 688 versum
986 620 1153 687 heroicum
1184 619 1305 686 elausit
1331 622 1384 687 bis

156 731 254 796 loeis:
288 730 429 796 Aeaeus
445 730 529 797 VIII
544 729 619 809 475,
644 730 678 795 X
697 730 759 795 193
786 729 906 795 Aloeus
922 728 971 796 VI
986 728 1052 793 410
1082 727 1227 811 Enipeus
1242 729 1291 797 VI
1307 729 1382 809 373,

156 838 222 905 VII
247 838 310 903 116
342 837 465 902 Nereus
488 837 523 902 II
548 838 611 902 713
646 837 808 922 Typhoeus
831 836 952 905 Vror.

245 944 371 1011 Ceteris
394 944 477 1010 loeis
504 945 567 1010 bae
589 943 823 1011 terminatione
852 963 931 1009 usus
960 950 1011 1009 est
1034 943 1069 1009 in
1092 943 1162 1009 arsi
1184 943 1295 1025 posita
1322 943 1381 1026 ita,

156 1058 192 1118 ut
218 1072 284 1118 una
313 1052 445 1136 syllaba
474 1051 672 1117 efficeretur.
726 1051 786 1118 Bis
820 1051 906 1116 enirn
936 1069 1118 1117 consonans
1149 1050 1298 1130 seqnitur
1327 1049 1381 1117 vel

155 1179 220 1225 una
243 1159 344 1242 longa
368 1159 503 1244 (Nereus
523 1157 570 1225 VI
592 1157 669 1242 349)
693 1159 747 1224 vel
771 1160 898 1224 duabus
921 1157 1078 1224 brevibus
1102 1157 1243 1241 syllabis
1268 1155 1382 1242 (Brio-

154 1290 227 1334 reus
242 1267 290 1334 lV
307 1265 385 1351 596)
410 1266 692 1347 antecedentibns;
726 1273 776 1331 ter
791 1265 918 1333 vocalis
942 1266 1100 1348 sequitur,
1125 1266 1183 1331 sed
1207 1265 1381 1345 insequens

155 1394 220 1441 vox
254 1382 312 1440 aut
342 1394 363 1439 a
386 1375 512 1440 duabus
537 1373 646 1456 longis
677 1373 841 1459 (Gyareus
863 1373 917 1440 ΙΙΙ
940 1373 1006 1439 600
1036 1373 1191 1439 Pentheos
1213 1372 1280 1440 VII
1305 1369 1381 1457 780)

155 1489 214 1548 aut
239 1501 259 1547 a
283 1483 409 1547 duabus
432 1481 589 1547 brevibus
612 1480 752 1565 syllabis
777 1479 930 1566 (Phoceus
954 1480 1007 1546 ΙΙΙ
1030 1481 1109 1564 697)
1133 1479 1261 1562 incipit.

243 1606 454 1672 Petronius
498 1625 614 1670 nomen
653 1605 838 1672 Porthmeus
877 1606 912 1671 in
951 1606 1017 1672 fine
1054 1606 1239 1672 hexametri
1270 1606 1381 1688 posuit

153 1715 242 1800 (121,
256 1713 323 1799 ιη),
348 1715 405 1779 sed
429 1732 545 1779 nomen
568 1714 701 1780 Proteos
725 1712 774 1778 ita
796 1713 937 1779 inseruit
960 1713 1073 1780 versui
1098 1714 1302 1796 134,12,n:

314 1838 447 1904 Proteus
470 1859 535 1903 esse
557 1839 632 1904 solet
653 1839 802 1920 quioquid
827 1838 907 1904 libet.
932 1838 982 1904 bis
1005 1859 1058 1922 epo
1081 1839 1198 1904 culleos

152 1970 190 2031 ut
212 1964 340 2030 Birtius
368 1965 429 2030 hoo
452 1981 550 2029 versu
581 1963 728 2045 exemplo
758 1962 945 2047 bisyllabae
974 1963 1254 2046 pronuntiationis
1278 1963 1381 2046 sylla-

152 2076 215 2139 bae
238 2093 318 2153 -eos,
343 2089 439 2152 quam
464 2071 622 2152 defendit,
647 2071 696 2136 uti
720 2071 866 2152 potuerit
877 2070 910 2154 ¹).
958 2071 1082 2137 Tamen
1105 2073 1191 2137 huno
1214 2072 1321 2137 locum
1345 2071 1381 2136 in

151 2185 247 2246 tanta
269 2178 479 2245 multitudine
495 2177 735 2243 contrariorum
758 2177 883 2242 nullum
908 2184 1135 2259 argumentum
1159 2198 1229 2244 esse
1253 2197 1378 2244 censeo.

242 2305 367 2370 Auctor
390 2303 539 2368 Aetnae
563 2301 705 2368 nominis
724 2303 839 2369 Tereos
862 2302 1096 2369 terminatione
1121 2303 1212 2369 arsin
1227 2309 1379 2384 quartam

150 2431 268 2480 versus
291 2411 356 2477 589
380 2409 535 2494 explevit,

241 2537 362 2602 Iisdem
392 2536 578 2602 rationibus
609 2555 649 2601 ae
679 2537 807 2618 priores
836 2555 913 2602 usus
937 2536 1123 2603 Valerius
1146 2536 1314 2603 Flaccus
1343 2537 1377 2602 in

150 2643 220 2710 arsi
246 2643 423 2711 collocavit
446 2643 710 2709 terminationem
734 2643 917 2708 nominum:

243 2751 391 2819 Cretheus
414 2752 525 2819 V4VV
556 2751 702 2834 1000003
725 2751 823 2817 Ι462
855 2751 978 2817 Nereos
1002 2751 1100 2817 1658
1133 2750 1246 2817 Peleus
1269 2751 1285 2815 I
1305 2751 1376 2832 144,

149 2859 225 2940 264,
243 2859 318 2941 403,
351 2857 403 2924 III
429 2859 492 2924 138
530 2859 671 2924 Pbiaeos
699 2859 746 2926 IV
771 2858 846 2940 467,
864 2859 938 2942 473,
957 2859 1022 2924 629
1063 2858 1249 2925 Salmoneus
1271 2859 1289 2923 Ι
1313 2859 1378 2922 662

150 2967 290 3032 Theseus
314 2966 360 3031 IV
387 2966 448 3032 701
485 2967 609 3050 Tydeos
631 2965 686 3031 III
710 2966 784 3032 103.

239 3073 390 3140 Ceterum
413 3094 483 3138 eos
507 3072 638 3157 syllaba
662 3073 770 3138 thesin
794 3073 902 3138 ultimi
925 3073 1019 3154 pedis
1044 3073 1172 3155 explet:

241 3179 409 3248 Celaeneus
421 3178 446 3265 2)
470 3181 523 3246 III
538 3181 603 3246 406
637 3179 775 3263 Cepheus
798 3181 900 3246 1376
934 3179 1080 3247 mooun
1105 3180 1203 3246 1740
1233 3180 1378 3262 Enipeus

148 3289 271 3371 1357,
303 3288 421 3355 V208
468 3287 611 3372 Dyooeus
640 3288 746 3353 1467
796 3285 916 3354 Ocheus
946 3287 993 3354 VI
1018 3287 1082 3353 200
1132 3285 1239 3354 Oileus
1272 3286 1378 3352 1372

151 3395 296 3478 Orpbeus
319 3395 336 3460 I
362 3396 434 3476 187,
452 3395 518 3461 470
548 3395 684 3461 Perseos
707 3395 743 3460 II
766 3394 809 3461 63
845 3393 986 3461 Pulueris
1009 3395 1056 3462 IV
1080 3395 1156 3475 433,
1175 3396 1240 3460 444
1274 3395 1378 3478 Thyo-

147 3525 228 3570 neus
251 3503 268 3569 I
293 3504 357 3568 726
389 3503 517 3586 Tydeus
539 3502 557 3567 I
581 3504 645 3568 387
684 3503 848 3586 Typhoeus
871 3501 907 3568 ΙΙ
931 3504 982 3584 24,
1008 3502 1055 3570 IV
1076 3503 1151 3568 236.

239 3627 279 3693 In
302 3626 378 3694 Sili
402 3627 542 3693 Italici
566 3627 702 3693 Punicis
725 3627 910 3693 invenimus
935 3628 1016 3693 duos
1039 3646 1172 3693 versus:

195 3753 248 3818 ΙΠ
272 3753 353 3818 315:
386 3752 532 3836 Perseus,
555 3755 590 3818 iu
613 3752 749 3836 Iobyom
772 3754 878 3819 diuum
895 3755 1034 3835 fluxisse
1057 3773 1196 3820 0000000

195 3859 276 3928 XIV
292 3861 371 3925 414:
404 3860 527 3926 Nereus
550 3860 656 3942 implet
679 3863 781 3943 00013,
801 3860 998 3944 palatosque,
1025 3861 1163 3928 tradente
1180 3859 1377 3946 proficuum)

147 3987 185 4053 in
209 3985 328 4067 quibus
357 3985 546 4051 terminatio
569 4007 640 4051 -eus
669 3985 703 4050 in
727 3986 808 4051 duas
837 3985 986 4069 syllabas
1010 3985 1123 4051 dirimi
1149 3991 1266 4068 potest.
1314 3986 1378 4052 Sed

146 4093 248 4160 valde
271 4093 390 4159 mirum
407 4100 502 4176 esset,
527 4093 556 4159 si
573 4099 671 4175 poeta
693 4093 887 4160 hisdiebus
910 4093 994 4160 loeis
1013 4095 1098 4160 hanc
1114 4093 1377 4160 terminationem

242 4343 261 4413 ¹)
281 4344 371 4412 Birt,
390 4343 460 4400 Mus.
474 4343 559 4400 Rheu.
579 4343 698 4398 XXXIV
715 4359 741 4412 p.
755 4344 798 4412 27,
819 4343 871 4397 LII
890 4343 981 4412 Suppl.
1001 4359 1026 4411 p.
1042 4343 1082 4398 15.

240 4433 261 4502 ²)
280 4431 475 4504 Longarus,
501 4433 541 4490 ed.
561 4450 586 4502 p.
606 4435 673 4488 244:
700 4433 772 4488 Tota
790 4433 857 4488 haee
876 4449 920 4488 res
944 4433 977 4488 de
996 4432 1128 4488 Celaeneo
1147 4449 1164 4487 a
1184 4432 1295 4488 Valerio
1318 4434 1378 4501 ipso

147 4521 260 4578 videtur
279 4523 393 4577 inventa
412 4539 471 4578 esse
490 4529 519 4578 et
537 4539 634 4578 nomen
654 4523 767 4578 ductum
786 4540 803 4578 a
822 4539 922 4594 graeco
942 4522 1079 4578 adieetivo
1098 4519 1229 4585 uetueris.

240 4612 261 4682 Ι)
281 4613 370 4682 Birt,
395 4612 424 4669 ll.
438 4628 477 4669 eo.
