3442 5324
965 409 1008 476 52

881 495 1091 511 ——l—

584 620 653 704 οὐχ
676 611 769 712 ηὗρε
791 620 892 712 πλὴν
914 622 1099 709 γυναικός
1121 620 1213 700 ὅστις
1236 621 1338 712 ἤθελε

582 735 702 797 θανεῖν
725 729 791 819 πρό
814 729 923 798 κείνου
947 729 1024 820 μηδ’
1046 729 1091 798 ἐτ’
1114 729 1249 818 εἰσορᾶν
1272 729 1370 819 φάος.

461 856 531 940 Ipsi
556 856 659 939 igitur
674 863 770 938 pater
786 863 819 923 et
833 862 939 923 mater
962 857 997 923 id
1020 858 1106 938 quod
1129 858 1187 923 ille
1203 857 1375 940 proposuit
1394 863 1591 940 respuerunt.
1695 855 1696 916 3

369 965 483 1045 Neque
506 983 585 1032 V0r⁰
613 962 688 1030 fieri
711 970 855 1054 poterat,
888 972 924 1031 ut
946 971 1045 1047 poeta
1075 965 1151 1031 illos
1181 983 1218 1031 eo
1250 964 1323 1047 ipso
1352 971 1497 1047 tempore
1525 985 1593 1048 pro·
1695 987 1696 990 ¹

369 1072 504 1138 duceret
539 1071 627 1137 inber
661 1089 733 1137 sese
768 1071 1005 1155 colloquentes
1046 1091 1118 1138 cum
1152 1071 1240 1138 filius
1275 1071 1365 1154 patri
1402 1073 1594 1154 persuadere

370 1183 557 1262 conaretur,
588 1184 624 1244 ut
646 1197 706 1260 pro
730 1197 765 1244 se
788 1184 927 1244 mortem
952 1179 1068 1263 obiret,
1093 1184 1189 1261 pater
1212 1177 1282 1245 filio
1307 1177 1504 1262 explicaret,
1529 1179 1594 1259 qni·
1695 1167 1696 1218 s

370 1289 431 1352 bus
458 1293 637 1352 commotus
668 1286 777 1352 causis
807 1305 922 1368 preces
955 1286 1032 1352 illas
1063 1288 1238 1368 abnueret3
1275 1305 1350 1352 nam
1384 1305 1442 1352 eae
1470 1285 1595 1366 quidem

369 1412 423 1459 res
455 1392 522 1459 iam
554 1392 667 1459 multis
699 1393 816 1459 diebus
855 1400 931 1460 ante
965 1400 1119 1476 peractae
1152 1413 1224 1460 esse
1257 1393 1428 1460 debebant.
1485 1393 1594 1474 ltaque

370 1501 547 1583 Euripides
570 1501 775 1567 occasionem
799 1502 936 1584 appetit,
962 1521 1026 1582 qua
1042 1502 1121 1567 data
1146 1501 1196 1566 illi
1220 1503 1281 1568 hoc
1305 1501 1377 1582 ipso
1402 1501 1455 1566 die
1479 1501 1519 1565 de
1543 1500 1597 1565 illa

370 1627 406 1674 re
430 1608 660 1688 colloquantur
682 1609 735 1675 vel
752 1608 864 1674 verbis
885 1609 1093 1690 contendant,
1118 1608 1315 1690 praesertim
1331 1627 1403 1674 eum
1420 1607 1596 1674 conamina

371 1715 550 1796 illaquam
573 1715 715 1781 maxime
738 1716 860 1782 habeat
887 1717 922 1781 in
947 1715 1085 1784 deliciis.
1134 1715 1225 1799 Quae
1250 1715 1380 1782 occasio
1404 1717 1515 1799 datur,
1545 1715 1594 1780 ubi

357 1823 510 1905 primum
533 1823 656 1888 Pheres
680 1823 848 1889 Alcestide
872 1830 1002 1889 mortua
1025 1823 1130 1889 filium
1154 1823 1317 1890 convenit,
1365 1823 1491 1908 Quibus
1516 1822 1595 1888 enim

369 1930 480 1996 verbis
504 1929 677 1995 Admetum
701 1929 759 1995 illo
783 1937 929 2012 tempore
952 1936 1080 2014 patrem
1104 1931 1228 1996 adiisse
1251 1931 1434 2012 putandum
1458 1937 1518 2012 est,
1542 1930 1594 1994 iis-

371 2039 444 2103 dem
474 2055 559 2103 nunc
583 2039 668 2117 quod
696 2056 755 2119 pro
785 2056 820 2102 se
849 2037 933 2103 mori
956 2039 1110 2104 abnuerit
1137 2037 1189 2103 illi
1214 2037 1390 2121 opprobrio
1415 2038 1487 2119 dat,
1518 2042 1594 2102 tam-

372 2165 466 2226 quam
499 2163 571 2209 cum
596 2163 633 2209 eo
663 2144 725 2210 hac
755 2145 795 2210 de
825 2163 862 2209 re
892 2163 1056 2225 nunquam
1088 2145 1269 2210 collocutus
1299 2145 1360 2226 sit;
1403 2145 1485 2209 baec
1515 2143 1593 2208 enim

372 2258 448 2318 sunl
470 2254 573 2319 verba
596 2252 665 2317 eius
689 2251 732 2337 (v.
751 2251 935 2336 648-50):

746 2373 845 2442 καλόν
867 2373 895 2460 γ’
917 2371 959 2442 όν
980 2373 1068 2442 τόνδ’
1091 2373 1187 2460 ἀγῶν’
1211 2371 1359 2466 ἠγωνίσω

533 2487 593 2550 τοῦ
617 2485 677 2550 σοῦ
700 2483 766 2571 πρὸ
790 2481 911 2560 παιδός
934 2480 1120 2562 κατθανών,
1143 2481 1292 2571 βραχὺς
1316 2481 1357 2550 δέ
1381 2507 1442 2549 σοι

536 2588 693 2667 πάντως
716 2589 734 2657 ό
757 2589 899 2668 λοιπός
923 2581 966 2680 ἦν
987 2590 1183 2678 βιώσιμος
1205 2588 1344 2680 χρόνος

374 2717 406 2776 et
430 2711 473 2795 (v.
491 2707 675 2794 653—57):

533 2816 588 2881 καί
611 2802 676 2904 μὴν
699 2812 748 2882 b'o’
771 2811 876 2902 ἄνδρα
899 2813 961 2905 χρὴ
984 2821 1111 2882 παθεῖν
1134 2812 1316 2899 εὐδαίμονα

534 2919 728 2999 πέπονθας·
762 2919 911 3011 ἥβησας
933 2921 1003 3007 μὲν
1026 2921 1066 2989 ἐν
1087 2921 1312 3012 τυραννίδι,

534 3035 630 3106 παῖς
653 3027 682 3094 δ’
706 3021 749 3118 ἦν
773 3026 843 3114 ἐγώ
867 3053 929 3096 σοι
953 3032 1074 3097 τοῖνδε
1098 3027 1285 3111 διάδοχος
1308 3026 1452 3112 δόμων,

535 3133 612 3203 ὥστ’
635 3132 693 3202 οὐκ
716 3133 849 3213 ἄτεκνος
872 3134 1048 3204 κατθανών
1071 3133 1185 3214 ἄλλοις
1208 3134 1312 3220 δόμον

534 3243 666 3333 λείψειν
689 3241 822 3328 ἔμελλες
844 3241 991 3334 ὀρφανόν
1015 3243 1212 3334 διαρπάσαι,

465 3369 664 3455 Quibuscum
693 3370 804 3436 verbis
838 3389 896 3436 eae
926 3389 1046 3437 causae
1073 3369 1286 3452 conveniunt,
1318 3388 1410 3452 quas,
1444 3377 1480 3435 ut
1507 3367 1589 3432 illum

374 3477 508 3560 refutet,
532 3478 656 3543 Pheres
680 3476 779 3542 affert
802 3479 845 3559 (v.
863 3477 1047 3562 681—84):

535 3599 596 3687 ἐγώ
620 3600 656 3668 δέ
680 3599 709 3668 σ’
732 3603 830 3667 οίκων
853 3599 1017 3690 δεσπότην
1041 3600 1214 3691 ἐγεινάμην

534 3705 691 3797 κόθρεψ’,
715 3706 863 3797 ὀφείλω
887 3707 916 3776 δ’
932 3707 1001 3791 οὐχ
1023 3707 1317 3798 ὐπερθνῄσκειν
1341 3707 1477 3776 σε’θεν·

535 3813 580 3883 ori
603 3814 674 3905 γὰρ
698 3820 881 3906 πατρῷον
904 3815 1005 3883 τόνδ’
1029 3815 1222 3905 ἐδεξάμην
1245 3815 1378 3901 νόμον,

534 3923 665 3990 παίδων
688 3922 913 4013 προθνῄσκειν
936 3922 1094 4014 πατέρας,
1118 3922 1188 3991 οὐδ’
1209 3921 1391 4013 Ἑλληνικόν

376 4048 408 4107 et
432 4043 475 4126 (v.
493 4040 677 4127 691—93):

535 4146 690 4236 χαίρεις
705 4145 803 4236 ὁρῶν
820 4151 919 4237 φῶς·
944 4146 1097 4237 πατέρα
1117 4145 1147 4215 δ’
1163 4144 1207 4214 οδ
1221 4147 1378 4236 χαίρειν
1393 4148 1531 4220 δοκεῖς·

535 4246 556 4343 ἦ
578 4252 643 4341 μην
665 4253 770 4321 πολόν
793 4277 828 4340 γε
851 4253 908 4321 τόν
931 4253 1019 4321 κάτω
1043 4253 1215 4340 λογίζομαι

536 4359 663 4450 χρόνον,
686 4359 723 4428 τό
749 4361 785 4429 δὲ
810 4364 867 4452 ζῆν
890 4361 1018 4451 μικρόν,
1042 4359 1113 4428 ἀλλ’
1137 4361 1226 4447 ὅμως
1248 4359 1356 4447 γλυκύ.

465 4487 573 4568 Atque
597 4488 681 4553 idem
706 4490 914 4554 statuendum
938 4509 1008 4555 esse
1032 4487 1112 4554 mihi
1129 4488 1260 4554 videtur
1283 4489 1323 4554 de
1342 4481 1581 4569 colloquentibus

376 4593 530 4677 Apolline
554 4601 587 4659 et
610 4595 760 4660 'Phanato
785 4595 841 4680 (cf.
867 4616 896 4662 r.
916 4597 1056 4678 12--14,
1083 4595 1223 4676 20-23‚
1249 4595 1404 4681 52-76).
