3522 5310
769 325 813 392 63

204 521 395 586 tradiderint
432 523 529 608 eique
567 522 796 608 derogantium
835 523 891 609 qui
930 521 1061 586 diversa
1099 520 1278 608 protulerit,
1318 521 1379 586 sed

205 640 292 692 recte
316 649 353 692 se
377 626 533 694 habuisse
556 628 725 715 probabile
749 640 809 694 est.
858 628 925 694 Sed
947 629 1020 693 utut
1042 639 1102 710 est,
1128 628 1300 693 constabat
1316 628 1378 693 sub
1500 635 1504 644 ‘

205 734 388 800 Maeandrii
424 735 546 802 Milesii
584 739 716 802 nomine
755 737 918 801 Historias
958 737 1140 818 exstitisse,
1180 735 1299 821 quibus
1338 735 1380 800 de

205 843 323 928 priscis
352 845 384 907 in
408 844 490 909 Asia
516 843 617 908 rebus
648 845 751 928 gestis
775 855 884 909 actum
909 853 986 908 erat.
1036 843 1132 924 Quod
1156 843 1283 908 iudices
1308 845 1379 908 eius

204 952 427 1015 auctoritatem
456 953 489 1016 in
518 950 575 1015 lite
605 949 788 1016 dirimenda
822 973 887 1016 non
923 960 1113 1038 sequuntur,
1142 950 1272 1036 pondus
1307 953 1379 1015 eius

203 1079 267 1122 non
292 1058 463 1124 imminuit.

294 1182 346 1247 Ex
374 1181 436 1248 hoc
465 1181 557 1249 titulo
587 1186 683 1249 etiam
713 1183 754 1248 de
777 1183 960 1249 Maeandrii
992 1193 1098 1253 aetate
1121 1186 1280 1248 terminus
1304 1194 1378 1249 ante

203 1312 301 1376 quem
332 1300 441 1378 potest
474 1291 625 1356 derivari.
673 1292 755 1357 Nam
788 1290 869 1356 tituli
893 1303 1023 1377 tempus
1053 1291 1167 1356 referri
1199 1301 1310 1378 potest
1336 1291 1378 1356 ad

202 1420 322 1463 annum
347 1421 375 1465 a.
401 1398 477 1465 Chr.
503 1423 533 1465 n.
559 1399 677 1483 240¹),
708 1398 796 1463 haud
827 1401 871 1464 ita
901 1397 1001 1464 multo
1032 1379 1117 1485 post
1137 1397 1290 1464 Antiochi
1315 1399 1377 1464 Dei

202 1506 375 1592 imperium
400 1507 613 1592 (tot-246),
639 1505 726 1592 quod
750 1505 898 1580 ultimum
924 1505 1046 1571 factum
1071 1507 1212 1571 affertur.
1257 1599 1258 1602 Ἴ

292 1630 366 1712 Qua
397 1653 471 1695 cum
503 1633 695 1717 quaestione
726 1633 758 1697 in
791 1631 883 1696 titulo
915 1641 1169 1697 commemorata
1202 1631 1379 1696 cohaerent

202 1761 286 1823 quae
327 1739 545 1805 scholiasta
587 1740 633 1805 ad
673 1738 953 1826 Aristophanis
992 1740 1131 1804 Pacem
1171 1739 1236 1805 363
1271 1739 1378 1807 tradit.

201 1845 241 1910 ln
272 1845 334 1910 hac
364 1848 449 1911 enim
481 1846 652 1912 comoedia
681 1847 866 1911 Mercurius
895 1849 927 1911 in
952 1847 1138 1934 Trygaeum
1171 1849 1225 1933 qui
1251 1847 1377 1933 lapides

201 1975 374 2018 removere
398 1953 476 2037 vult,
501 1953 552 2018 his
577 1953 687 2019 verbis
711 1953 875 2019 invehitur

441 2065 465 2130 ὦ
489 2067 578 2154 μιαρὲ
601 2068 652 2131 καὶ
674 2069 820 2154 πολρηρέ,
844 2067 875 2130 πί
897 2073 989 2130 ποιεῖν
1011 2067 1140 2146 brutos&

203 2179 235 2232 et
258 2168 431 2256 Trygaeus
460 2167 639 2256 respondet

441 2280 528 2346 οὐδὲν
550 2283 691 2369 πονηρόν·
728 2275 798 2346 ἀλλ’
823 2281 895 2369 ὅπερ
917 2281 972 2345 καὶ
994 2281 1158 2345 Κιλλικῶν.

200 2383 296 2465 Quae
331 2393 367 2447 ut
394 2381 536 2470 explicet
569 2381 747 2448 scholiasta
779 2385 964 2448 testimonia
996 2384 1190 2470 scriptorum
1224 2383 1377 2467 cumulat,

200 2513 342 2579 quorum
379 2512 552 2555 commune
588 2499 648 2566 est,
685 2491 772 2578 quod
797 2489 936 2556 Cillioon
970 2493 1118 2577 patriam,
1142 2489 1289 2556 Miletum
1324 2491 1377 2557 vel

200 2597 347 2678 Samum,
371 2597 604 2662 Prienensibus
629 2598 816 2684 proditurus
840 2597 1116 2684 interrogantibus
1141 2598 1219 2684 quid
1243 2599 1377 2682 faceret,

198 2704 418 2792 respondisse
443 2704 558 2770 fertur:
585 2709 694 2797 ἀγαθὰ
716 2706 882 2776 Κιλλικῶν.
917 2705 960 2770 Et
983 2706 1067 2770 inter
1090 2707 1269 2792 scriptores
1295 2728 1378 2792 quos

199 2822 304 2876 testes
337 2811 513 2878 scholiasta
541 2813 642 2893 affert,
679 2815 820 2878 occurrit
842 2817 1041 2907 Λέανδρος,
1077 2815 1132 2901 qui
1158 2813 1242 2878 hanc
1277 2812 1377 2879 histo-

198 2919 316 2984 riolam
345 2925 382 2989 ἐν
409 2927 571 3013 δευτέρῳ
601 2927 836 3007 Μιλησιακῶν
871 2919 1014 3006 protulit.
1073 2922 1148 2986 Huc
1183 2922 1401 3010 pertinentia,

199 3025 387 3092 exscribam
418 3050 558 3093 necesse
594 3040 658 3093 est:
694 3033 809 3121 ἱστορεῖ
839 3034 876 3097 δὲ
909 3035 962 3106 καὶ
988 3033 1145 3121 Λέανδρος
1179 3033 1209 3097 ἐν
1244 3035 1378 3121 δευτέρῳ
1436 3029 1440 3040 ’

198 3139 399 3219 Μιλησιακῶν
425 3143 590 3228 προδοῦναι
617 3141 754 3222 Μίλητον
781 3143 832 3205 καὶ
860 3140 913 3205 ὅτι
945 3140 1059 3228 ἀνέῳξε
1089 3143 1146 3218 τὰς
1174 3141 1285 3221 πύλας,
1317 3150 1378 3205 τῶν

202 3248 357 3335 πολεμίων
379 3247 605 3337 πυνθανομένου
631 3249 720 3324 τινός,
756 3248 804 3312 ὅτι
837 3255 931 3313 τοῦτο
970 3248 1115 3329 ἐποίησεν,
1155 3248 1379 3336 ἀποκρίνασθαι
1440 3309 1442 3314 .

200 3353 313 3438 ἀγαθὰ
334 3353 487 3419 Κιλλικῶν
494 3348 528 3436 2).

292 3473 356 3538 Hic
390 3494 520 3560 quoque
552 3497 750 3562 quamquam
782 3496 847 3540 non
883 3475 923 3540 de
948 3475 1063 3541 eadem
1088 3497 1124 3540 re
1152 3486 1249 3563 atque
1274 3478 1306 3541 in
1331 3477 1378 3542 in-

199 3582 378 3667 scriptione
403 3604 502 3668 supra
519 3593 780 3665 commemorata,
805 3591 914 3648 tamen
939 3585 972 3648 in
996 3585 1187 3648 universum
1212 3583 1253 3648 de
1277 3583 1376 3648 rebus

197 3687 400 3754 Milesiorum
441 3687 493 3754 vel
532 3688 715 3755 Samiorum
740 3700 773 3755 et
795 3691 1025 3756 Prienensium
1064 3693 1180 3776 agitur.
1229 3691 1262 3756 Si
1296 3715 1375 3756 vero

201 3833 415 3842 ’.ῳ-*-

295 3905 314 3968 Ι)
333 3899 375 3955 Cf.
395 3899 482 3955 Hiohs
500 3901 517 3954 l.
536 3901 554 3956 l.
573 3920 600 3972 p.
619 3902 643 3956 2.

291 3993 311 4056 ’λ
328 3990 364 4044 ln
387 3990 440 4045 hae
465 3990 610 4045 historiola
632 3991 735 4046 nullius
759 3995 803 4046 est
821 3991 965 4061 momenti,
993 3992 1068 4060 quod
1088 4009 1142 4046 non
1163 3994 1198 4046 de
1217 3992 1307 4050 Samo.
1328 3994 1377 4048 sed

198 4079 298 4136 Mileto
322 4097 367 4134 res
393 4085 437 4135 est
460 4097 551 4150 nequo
580 4080 674 4135 hostes
703 4081 889 4152 appellantur.
932 4081 967 4134 ut
994 4082 1064 4135 haec
1092 4082 1190 4136 scholii
1219 4083 1318 4144 verba,
1347 4085 1379 4136 ut

200 4169 308 4224 Zacher
326 4187 434 4224 mecum
459 4171 683 4242 communicavit,
708 4171 772 4234 solis
790 4171 819 4224 in
839 4170 981 4225 codicibus
1001 4174 1115 4225 exstant
1134 4171 1244 4242 Vtenet.
1264 4172 1328 4236 471)
1350 4176 1378 4226 et

200 4257 224 4312 G
245 4257 355 4325 (Venet.
383 4259 455 4324 475),
485 4261 647 4330 apographo
675 4260 757 4324 illius,
785 4261 832 4330 qui
859 4278 910 4330 pro
933 4259 1060 4330 Λέανδρος
1088 4260 1206 4331 praebet
1233 4263 1377 4328 Λεάνδριος.

201 4347 244 4402 cf.
268 4349 445 4418 Herwerden,
465 4349 607 4420 Aristoph.
626 4350 691 4404 Pac.
712 4349 805 4416 (1897)
824 4349 852 4404 ΙΙ
871 4349 1049 4420 (Comment)
1068 4369 1096 4420 p.
1115 4350 1159 4405 62.
1197 4351 1378 4420 Mnemosyne

201 4435 291 4490 XXIV
311 4436 403 4506 (1896)
422 4457 449 4508 p.
468 4437 529 4492 201.
567 4439 714 4494 Lenschau
733 4439 751 4492 l.
771 4441 778 4492 l
801 4457 828 4509 p.
844 4439 892 4493 131
908 4440 972 4494 adn.
986 4440 1010 4494 2.
1050 4439 1178 4500 Meiners,
1192 4439 1377 4505 Quaestiones

201 4527 239 4580 ad
268 4527 373 4581 scholia
390 4527 596 4604 Aristophanes
623 4527 757 4582 historica
783 4528 967 4598 pertinentes,
996 4529 1106 4582 dissert.
1131 4529 1183 4582 Hal
1213 4529 1253 4581 XI
1282 4528 1376 4598 (1890)

201 4635 220 4686 p
248 4615 309 4671 329.
