3442 5324
733 425 776 490 25

138 641 272 707 Orestes
301 645 334 705 et
356 640 499 725 Pylades
522 639 662 722 Delphis
690 640 816 707 relictis
845 659 918 707 cum
945 641 1137 723 paedagogo
1167 642 1209 707 ad
1236 641 1363 724 regiam

137 749 350 831 advenerunt,
374 747 430 813 hic
453 747 536 813 dicit
558 747 601 832 (ν.
622 747 779 835 15-16);

353 865 410 930 νῦν
434 852 502 942 οὖν,
525 859 660 952 Ὀρέστα
683 863 739 930 καὶ
763 857 803 930 σύ
826 861 966 952 φίλτατε
988 860 1089 947 ξένων

353 967 505 1058 Πυλάδη,
528 969 561 1036 τί
584 967 646 1060 χρὴ
669 972 752 1060 ὁρᾶν
776 969 810 1037 ἑν
833 968 926 1052 τάχει
949 969 1153 1057 βουλευτέον.

227 1087 323 1154 Nunc
346 1088 450 1171 igitur
464 1107 537 1155 cum
561 1088 721 1155 adfinem
745 1088 875 1154 itineris
899 1095 1128 1172 pervenerunt,
1152 1090 1364 1172 paedagogus

136 1196 180 1262 iis
204 1197 330 1278 suadet,
356 1200 391 1261 ut
407 1195 580 1263 consilium
605 1196 739 1279 capiant
754 1195 834 1277 quid
850 1195 1035 1262 faciendum
1059 1196 1112 1262 sit.
1154 1196 1214 1263 Oui
1231 1197 1364 1263 Orestes

135 1304 313 1386 respondet
337 1301 379 1388 (v.
398 1302 560 1389 32-35):

354 1415 415 1503 ἐγὼ
438 1415 500 1509 γὰρ
524 1415 606 1507 ἡνίχ’
630 1416 747 1508 ἱκόμην
770 1416 808 1486 τὸ
832 1416 987 1485 Πυθικὸν

352 1531 517 1610 μαντεῖον,
541 1523 588 1604 αἷς
611 1524 754 1611 μάθοιμ’
778 1523 843 1612 ὅτῳ
866 1523 979 1614 τρόπῳ
1003 1527 1107 1615 πατρὶ

354 1633 449 1711 δίκας
471 1631 615 1722 α’ροίμην
636 1637 702 1700 τῶν
725 1631 958 1724 φονευσάντων
980 1631 1084 1722 πάρα,

353 1744 416 1830 χρῇ
438 1764 497 1825 μοι
519 1739 653 1808 τοιαῦθ’
677 1738 696 1808 0‘
722 1746 853 1827 Φοῖβος,
877 1731 923 1806 ὧν
946 1739 1061 1809 πεύσει
1085 1739 1181 1824 τάχα.

229 1858 304 1925 Νοσ
327 1859 419 1942 prius
442 1858 547 1941 igitur
570 1858 705 1924 Orestes
728 1877 801 1924 cum
825 1858 999 1925 comitibus
1023 1859 1102 1940 quid
1125 1879 1229 1941 nuper
1245 1860 1363 1943 Apollo

135 1968 204 2034 sibi
244 1966 444 2034 vaticinatus
483 1966 528 2031 sit
566 1966 784 2032 communicat
821 1985 919 2047 quam
955 1966 1063 2049 Argos
1101 1967 1363 2053 pervenerunt1).

134 2077 257 2155 Itaque
295 2073 396 2140 liceat
433 2073 514 2139 mihi
553 2075 655 2140 verba
686 2091 769 2153 quae
809 2073 848 2141 G.
866 2073 1010 2140 Kaibel
1046 2074 1109 2140 hac
1147 2075 1187 2140 de
1216 2093 1253 2141 re
1285 2074 1366 2141 fecit

135 2180 308 2267 afferre²):
341 2181 409 2264 ,Es
431 2182 473 2248 ist
495 2202 558 2246 ναν
580 2181 808 2248 dramatircbcr
830 2181 963 2266 Zwuap,
992 2183 1069 2248 dass
1091 2188 1154 2247 ersi
1172 2184 1250 2263 jeiel
1275 2179 1366 2249 Orert

134 2311 209 2358 νσνν
237 2286 352 2357 Oralcel
375 2289 517 2356 bertcbtet
539 2290 606 2355 uod
629 2288 684 2354 der
707 2287 776 2354 Alo
799 2295 862 2356 crst
877 2291 956 2372 jctat
977 2311 1037 2354 σαν
1059 2289 1225 2373 Beratubp
1248 2289 1364 2356 malunt.

134 2399 202 2466 Die
232 2396 613 2474 Uuwabrrcdeialicblccit,
644 2397 722 2463 dass
749 2397 795 2462 sic
825 2396 884 2462 den
909 2417 1030 2482 ponzen
1061 2395 1135 2481 Wep
1165 2417 1225 2463 ooo
1250 2395 1366 2480 Delphi

134 2507 192 2574 her
217 2511 333 2572 domm
359 2504 571 2589 eurdctpelcpt
592 2503 693 2570 buben
715 2503 839 2584 sotum,
864 2525 954 2571 murs
976 2504 1072 2570 moen
1096 2505 1232 2572 cadmeo
1261 2503 1365 2572 Uncu—

134 2613 371 2700 tropliotleuen
394 2619 536 2697 ertrapea
559 2613 712 2679 werdeffl.

229 2720 309 2786 (lum
343 2719 428 2786 enim
461 2719 549 2786 actio
585 2718 830 2801 tragoediarum
862 2715 1116 2801 Sophoclea'rum
1147 2738 1247 2784 unum
1279 2719 1364 2785 diem

133 2847 203 2896 non
232 2827 418 2908 excederet,
450 2832 548 2908 poeta
576 2823 687 2892 facere
717 2844 782 2892 non
810 2826 918 2908 potuit
946 2825 1025 2906 quln
1055 2825 1252 2907 colloquium
1283 2826 1366 2892 illud

134 2936 226 3018 quod
256 2934 358 3000 multo
393 2939 469 3000 ante
501 2934 587 2999 hunc
618 2931 703 2999 diem
732 2933 879 3000 habitum
912 2951 983 3000 esse
1013 2952 1075 3016 par
1105 2939 1192 3016 erat,
1228 2934 1263 3000 in
1293 2952 1366 3001 eum

134 3043 226 3110 diem
251 3040 418 3108 conferret
426 3038 461 3127 ³).

229 3147 343 3230 Neque
373 3147 408 3214 in
434 3148 662 3215 Philocteta
691 3154 790 3230 poeta
813 3167 833 3214 a
856 3166 945 3215 more
976 3148 1034 3214 illo
1059 3167 1153 3229 quem
1183 3167 1283 3230 supra
1311 3150 1366 3215 de-

134 3256 377 3326 monstravisse
404 3255 486 3322 mihi
510 3256 624 3322 videor
647 3255 796 3322 discedit.
843 3254 943 3322 (iuius
969 3255 1102 3322 fabulae
1130 3255 1227 3322 initio
1251 3256 1366 3324 Ulixes

134 3363 355 3447 Neoptolemo
384 3363 542 3446 explicat,
572 3363 628 3444 qui
652 3362 776 3429 factum
800 3363 859 3445 sit,
889 3369 926 3429 ut
949 3363 1068 3446 Argivi
1091 3363 1309 3430 Philoctetam
1333 3364 1367 3430 in

135 3471 251 3540 insula
272 3472 397 3538 Lemno
422 3475 629 3554 exponerent.
670 3470 796 3554 Quibus
820 3471 860 3537 de
884 3472 981 3536 rebus
1004 3469 1098 3536 illum
1119 3472 1221 3537 verba
1245 3469 1365 3554 facere,

134 3587 174 3648 ut
205 3584 408 3662 spectatores
442 3579 481 3646 de
508 3578 715 3645 Philoctetae
743 3584 832 3645 sorte
866 3584 1008 3661 moneat,
1042 3579 1126 3645 satis
1155 3577 1366 3644 manifestum

135 3695 199 3756 est.
252 3685 365 3767 Neque
398 3686 483 3753 enim
517 3686 688 3768 quisquam
721 3685 925 3752 dubitaverit
959 3684 1038 3766 quin
1069 3685 1302 3768 Neoptolemus
1337 3685 1366 3752 si

135 3835 257 3844 ..—-—
264 3834 351 3840 --·--

233 3919 254 3989 ¹)
273 3918 349 3985 Quae
373 3933 417 3972 res
440 3917 563 3972 Nauclrio
589 3923 647 3972 tam
676 3917 796 3974 absurda
821 3933 880 3972 esse
906 3917 1063 3985 videbatur,
1090 3921 1122 3972 ut
1141 3931 1237 3972 versus
1261 3915 1364 3971 20—21

134 4008 323 4078 interpolatos
342 4023 401 4063 esse
419 4013 546 4077 putaret3
576 4007 644 4061 dicit
663 4013 755 4062 autem
774 4006 1090 4077 (Schneidewin-Nauck,
1110 4005 1230 4074 Electra,
1250 4005 1311 4060 adn.
1332 4005 1366 4060 ad

135 4117 162 4154 v.
175 4099 238 4168 20):
257 4097 380 4167 „Hdcbet
397 4097 563 4152 uundcrb'cb
580 4099 617 4152 iat
634 4097 681 4152 der
695 4095 831 4163 Ocdunte,
850 4097 993 4151 mausolio
1011 4095 1054 4150 dic
1066 4095 1209 4165 Βασίνης
1227 4095 1365 4166 dapinabo,

135 4192 219 4246 bcaor
230 4185 345 4254 jornand
363 4203 414 4242 αντ
432 4185 491 4242 dem
505 4186 619 4242 Pulcrtc
637 4191 709 4242 crete.
745 4185 852 4240 Wotlen
870 4185 915 4242 dic
927 4184 1035 4240 Rd'cbcr
1054 4185 1099 4240 des
1111 4183 1297 4254 Apamernnoo
1314 4201 1367 4238 oon

136 4281 244 4336 keinem
262 4277 411 4333 Betuobner
435 4275 480 4331 der
499 4276 625 4332 Paloxtce
648 4276 764 4331 bcmcrlct
786 4275 905 4341 woden,
933 4291 964 4330 oo
986 4275 1073 4330 buben
1095 4275 1135 4330 ric
1159 4273 1366 4330 beurunes

136 4369 269 4424 Pataros
286 4383 321 4421 τιν
339 4365 469 4422 metuar.

231 4457 252 4525 ¹)
271 4455 416 4526 Sophocles
435 4455 548 4511 Electra
566 4471 590 4524 p.
605 4456 647 4511 66.

230 4545 252 4614 ⁸)
272 4545 314 4600 Oi.
333 4545 366 4600 de
386 4547 494 4613 Arnim,
521 4545 553 4600 de
576 4545 751 4616 prologorum
776 4545 983 4613 Euripideornm
1011 4549 1071 4598 arte
1095 4547 1123 4597 et
1147 4543 1367 4612 interpolatione,

138 4635 341 4706 Gryphiswald.
364 4635 432 4690 1882
451 4635 515 4690 dise.
534 4652 559 4704 p.
574 4635 616 4691 93.
