3462 5312
738 399 798 462 167

242 611 444 692 Accusativi,
469 611 525 691 qui
548 630 677 693 semper
699 613 821 678 Latine
844 613 1029 694 flectuntur,
1054 619 1130 678 sunt
1153 613 1204 678 hi:

243 718 378 783 Abarim
403 718 488 802 (Val.
503 718 613 784 Flacc.
640 719 766 804 Sitit.)
804 721 936 786 Alabim
961 720 1031 802 (Sil.
1047 719 1102 805 It.)
1141 717 1284 786 Caralim
1308 721 1379 806 (Sil.

153 825 209 908 It.)
239 823 413 908 Hippamm
430 823 501 910 (Sil.
516 827 571 910 It.)
600 825 681 891 Isim
699 825 807 909 (Luc.)
834 823 983 911 Sapori-m
1001 825 1126 911 (Mart.)
1151 828 1271 908 Sprtim
1288 827 1380 913 (Luc.

153 931 211 998 Sil.
226 931 281 1013 It.)
314 932 467 1015 prbmm
491 933 582 1017 (Luc.
608 932 691 999 Stat.
706 933 786 1000 Silv.
812 933 939 1018 Sil.It.)
973 935 1096 1018 Fiapim
1122 934 1271 1020 (Sitit).

241 1039 401 1119 Pleraque
437 1039 540 1121 igitur
574 1059 637 1106 non
674 1039 816 1122 Graeca,
857 1041 914 1106 sed
949 1043 1093 1106 barbara
1128 1041 1259 1108 nomina
1295 1048 1380 1125 sunt,

152 1165 287 1227 quorum
304 1146 427 1211 Latina
450 1147 639 1213 terminatio
664 1167 892 1229 nonnunquam
918 1148 1017 1214 etiam
1040 1148 1185 1232 elisione,
1211 1169 1276 1230 qua
1299 1169 1380 1231 opus

152 1258 233 1334 erat,
257 1253 497 1334 postulabatur.
716 1261 720 1270 “

241 1360 372 1442 Optime
401 1368 572 1443 poetarum
605 1381 682 1428 usus
713 1362 900 1430 illustratur
929 1364 973 1430 iis
1005 1363 1135 1445 formis,
1172 1382 1255 1444 quae
1286 1366 1379 1430 modo

152 1469 289 1549 Graece,
313 1469 408 1534 modo
432 1469 552 1534 Latine
577 1470 762 1535 declinatae
786 1477 871 1537 sunt.

241 1575 295 1642 Sic
326 1575 492 1642 Martialis
523 1577 570 1643 IV
592 1577 687 1658 76,6
719 1577 854 1658 scripsit
885 1579 1040 1661 Alcestim,
1073 1579 1241 1645 luvenalis
1272 1585 1379 1645 autern

149 1683 199 1750 VI
223 1683 288 1747 653
311 1683 434 1748 Latina
459 1683 566 1748 forma
590 1685 741 1751 Alcestim
766 1704 843 1750 usus
868 1693 931 1766 est,
963 1687 1048 1765 quod
1072 1705 1186 1752 versus
1210 1686 1297 1752 ratio
1322 1685 1381 1752 eli-

150 1789 275 1856 sionem
299 1789 498 1872 postulabat.
1041 1862 1043 1866 ,

241 1897 345 1980 Quam
370 1904 404 1962 ut
429 1897 580 1982 evitaret,
605 1898 772 1964 Martialis
797 1899 847 1963 IX
871 1901 961 1982 61,2
987 1900 1113 1966 Graece
1137 1900 1230 1966 flexit
1253 1901 1379 1966 Baetim.

149 2005 277 2072 Statius
305 2024 382 2070 vero
414 2005 449 2069 in
472 2005 575 2072 Silvis
599 2006 633 2070 II
658 2008 687 2088 7,
705 2007 747 2071 35
780 2005 919 2072 formam
944 2007 1085 2089 Baetim,
1117 2007 1219 2073 Silius
1243 2006 1381 2073 italicus

150 2113 184 2177 in
209 2110 344 2177 Punicis
368 2111 453 2177 Xlll
478 2113 542 2177 676
566 2113 699 2179 Baetem
723 2114 959 2194 praetulerunt.

241 2220 325 2284 Item
349 2218 473 2284 Pbasia
496 2226 628 2302 praeter
651 2221 765 2288 Valeri
782 2220 896 2286 Flacci
921 2221 1216 2288 versumV11220
1239 2221 1282 2287 iis
1307 2229 1379 2287 tan-

150 2335 220 2393 tum
251 2327 332 2392 locis
364 2333 487 2406 exstat,
520 2327 637 2408 quibus
668 2327 793 2394 vocalis
824 2329 972 2408 sequitur
1003 2328 1129 2413 (Manil.
1148 2330 1177 2394 V
1193 2330 1236 2393 46
1267 2329 1378 2395 Senec.

150 2435 237 2500 Med.
256 2434 319 2499 461
345 2434 432 2515 Stet.
447 2434 547 2500 Theb.
561 2437 591 2502 V
607 2436 672 2500 468
695 2436 768 2502 Val.
783 2435 893 2500 Flacc.
919 2435 954 2500 II
978 2435 1070 2520 379),
1107 2435 1241 2502 Phasim
1271 2443 1379 2502 autem

151 2541 279 2609 Statius
303 2541 394 2624 (Silv.
413 2543 429 2606 I
453 2543 484 2624 6,
502 2542 557 2626 66)
582 2543 616 2606 in
641 2543 705 2608 fine
729 2563 853 2624 versus,
878 2543 1032 2611 Valerius
1048 2543 1190 2610 Flaccus
1210 2543 1240 2628 (I
1256 2544 1308 2626 43,
1323 2543 1379 2628 87)

151 2656 231 2716 ante
254 2654 485 2714 consonantem
509 2649 722 2732 scripserunt.

243 2757 385 2841 Tipmdis
408 2775 534 2836 quoque
558 2755 701 2822 fluminis
726 2757 950 2824 acctrsativum
976 2757 1057 2823 fecit
1082 2758 1203 2841 Tipmm
1227 2759 1380 2824 Lucanus

151 2863 515 2951 (stradarniae,
541 2863 742 2947 7ΙΙΙ214),
791 2865 903 2948 Tipria
937 2863 1061 2930 Seneca
1097 2863 1190 2950 (Tro.
1211 2865 1268 2950 ll)
1304 2872 1380 2931 ante

150 2970 308 3039 vocalem.

243 3079 385 3163 Tipridis
417 3078 540 3142 bestiae
573 3079 797 3145 accusativum
829 3079 990 3145 Graecum
1026 3079 1122 3162 tipum
1154 3078 1381 3160 praetulerunt

151 3186 305 3254 Grattius
333 3185 405 3266 166,
438 3185 592 3252 Valerius
617 3185 757 3251 Flaccus
780 3187 827 3253 Vl
854 3187 927 3268 704,
959 3186 1379 3269 666666766671722,

150 3293 308 3360 Latinum
340 3299 448 3358 autern
480 3293 697 3358 adhibuerunt
727 3293 829 3360 Silius
853 3292 991 3358 italicus
1018 3294 1129 3360 V148
1161 3300 1193 3359 et
1223 3293 1380 3360 Manilius

150 3401 277 3483 7708,
309 3401 366 3481 qui
389 3401 450 3466 hac
479 3400 711 3466 terminatione
740 3401 782 3465 iis
806 3401 902 3480 locis,
934 3401 1051 3481 quibus
1074 3405 1211 3466 metrum
1236 3421 1300 3468 non
1325 3405 1381 3468 ob-

150 3511 272 3592 stabat,
298 3527 425 3589 semper
449 3527 525 3573 usus
550 3513 607 3573 ast.

241 3615 361 3681 Latine
379 3614 558 3680 declinavit
576 3615 713 3681 Tanaim
737 3622 870 3696 praeter
886 3615 1059 3681 Manilium
1076 3615 1123 3682 IV
1140 3615 1204 3679 677
1228 3617 1381 3682 Lucanus

150 3723 236 3791 VIII
260 3723 333 3788 319.
381 3722 496 3788 Altero
521 3729 629 3787 autem
653 3722 723 3787 loco
748 3721 799 3787 IX
825 3723 886 3787 761
913 3722 1048 3804 scripsit
1074 3723 1211 3802 Tanain,
1238 3722 1381 3789 fortasse

152 3849 189 3896 66
214 3829 363 3911 consilio,
388 3849 428 3894 ne
451 3831 587 3894 verbum
611 3831 740 3908 brissiis,
766 3830 852 3909 quod
875 3828 1036 3911 sequitur,
1067 3833 1108 3895 ab
1133 3830 1245 3895 eadem
1268 3829 1382 3895 littera

151 3936 326 4019 inciperet,
357 3956 419 4017 quo
443 3955 559 4002 nomen
584 3936 704 4001 Latine
732 3935 850 4002 flexvrm
874 3936 1035 4002 desiisset.
1083 3938 1262 4002 Praeterea
1285 3937 1381 4002 huius

151 4043 293 4110 nominis
311 4045 440 4110 Graeca
465 4043 572 4110 sonna
595 4064 672 4110 usus
697 4050 747 4109 est
770 4043 896 4110 Statius
921 4052 954 4109 et
977 4045 1012 4109 in
1028 4044 1196 4110 Thebaide
1219 4044 1288 4108 XII
1305 4045 1379 4126 678,

152 4153 187 4218 16
211 4170 275 4232 666
300 4171 370 4217 eam
395 4170 524 4233 semper
548 4152 690 4232 exhibet,
717 4159 748 4217 et
772 4151 807 4217 in
831 4151 996 4218 Silvarum
1021 4171 1118 4218 versu
1142 4151 1159 4216 Ι
1183 4152 1213 4232 6,
1231 4151 1289 4216 66;

435 4261 544 4325 eredas
568 4261 611 4325 ad
635 4260 765 4326 Teanam
780 4260 953 4342 famemque
976 4258 1119 4342 Phasine,

152 4374 189 4432 ut
223 4366 388 4432 nominum
424 4366 686 4431 terminationem
722 4366 882 4446 variaret,
921 4373 953 4431 et
985 4366 1109 4432 Seneca
1147 4367 1181 4433 in
1217 4367 1380 4432 Troadum

152 4493 250 4541 versu
283 4476 303 4538 9
337 4481 412 4539 ante
443 4474 604 4556 vocalem,
639 4493 775 4554 quocurn
806 4473 946 4539 Bothius
977 4479 1208 4556 congruentem
1238 4473 1382 4539 reddidit

153 4581 408 4664 Agamemnonis
432 4601 562 4648 versum
587 4582 661 4663 679,
687 4583 721 4646 in
744 4601 807 4662 quo
832 4601 1014 4648 consonans
1037 4581 1194 4662 sequitur.
