3462 5312
146 592 245 670 774,
267 591 307 676 1).
356 591 456 671 Aqui
490 592 521 657 in
554 591 686 658 casibus
715 593 857 672 obliquis
889 594 1001 658 eadem
1033 592 1208 658 disiunctio
1233 592 1375 658 Latinae

146 705 179 763 et
203 699 350 764 Graecae
382 699 625 764 terminationis
653 719 717 765 non
745 700 812 764 iam
837 706 971 765 servata
1000 709 1059 764 est.
1108 700 1263 765 Genetivi
1288 700 1374 764 enim

146 805 270 870 Latina
306 805 413 871 forma
447 806 597 888 Europae
631 813 663 871 et
698 813 820 872 terram
856 807 1025 886 siguificat
1061 807 1185 890 (Seuec.
1204 807 1279 871 Tro.
1309 807 1374 872 896

146 913 207 992 Ag.
228 912 292 977 205
320 913 398 977 Luc.
418 913 467 977 lX
483 914 558 994 413,
577 915 641 978 686
670 914 752 979 Stat.
771 915 851 979 Acii.
877 914 893 978 I
918 915 992 996 788,
1018 914 1052 978 II
1076 914 1131 996 64)
1157 919 1189 979 11
1212 913 1373 995 virginem

145 1018 414 1104 (81111.Η.1.9)
446 1020 499 1085 vel
528 1020 671 1102 virginis
700 1021 854 1102 templum
888 1020 1237 1106 (illuminabis).
1283 1021 1373 1086 Idem

144 1127 235 1192 valet
265 1128 304 1192 de
333 1127 462 1193 Graeca
491 1128 651 1210 Evuupes,
685 1147 767 1208 quae
799 1130 884 1209 apud
916 1128 1034 1193 Silium
1058 1127 1211 1193 Italicum
1243 1126 1374 1212 (1200)

145 1235 186 1298 ad
216 1240 353 1316 terram,
387 1235 474 1315 apud
504 1235 691 1300 Martialem
724 1235 771 1320 (11
798 1235 922 1320 14,11”1)
958 1237 1000 1300 ad
1032 1235 1184 1317 Europae
1219 1233 1373 1315 templum

144 1347 282 1422 spectat.
330 1341 419 1406 Idem
451 1342 617 1407 Martialis
652 1351 751 1423 poeta
783 1342 816 1406 in
849 1344 961 1408 eadem
996 1361 1032 1407 re
1063 1343 1239 1407 tractanda
1269 1342 1372 1406 altero

144 1448 214 1513 loco
239 1448 294 1514 ΙΙΙ
319 1448 430 1530 20,12
454 1449 618 1532 Europae,
649 1448 753 1515 alteru
778 1456 885 1515 autem
912 1449 944 1514 II
972 1450 1083 1530 1411
1106 1451 1249 1531 Europes
1274 1447 1373 1513 decli-

144 1555 277 1621 navisse
294 1555 434 1637 videtur,
460 1563 496 1621 11
518 1557 579 1621 hoc
603 1556 637 1620 in
653 1576 750 1622 versu
775 1556 975 1623 substantivi
1000 1563 1031 1620 11
1056 1555 1214 1622 adiectivi
1238 1555 1373 1620 eandem

144 1663 409 1728 terminationem
434 1663 592 1730 evitaret:

359 1771 505 1836 111111αά
528 1772 671 1853 Europes
695 1773 816 1854 tepidae
839 1772 952 1837 buxea
973 1773 1116 1837 recurrit.

143 1879 183 1943 In
207 1878 392 1945 accusatIvi
418 1878 532 1943 formis
549 1878 788 1960 perspiciendis
812 1898 910 1944 unum
927 1885 1055 1944 tantum
1072 1879 1178 1943 locum
1203 1884 1373 1959 exceptum

145 1985 293 2051 videmus
327 2005 344 2050 e
374 1984 461 2067 lege,
499 2005 563 2065 qua
596 1986 792 2051 nominativi
825 1986 973 2052 Graecae
1010 1990 1042 2050 et
1072 1985 1214 2051 Latinae
1249 1985 1374 2050 formae

146 2092 390 2174 disiunguntur.
423 2093 507 2158 Nam
527 2092 685 2157 Manilius
702 2093 815 2159 11490
838 2093 1004 2158 heroidem
1022 2092 1183 2174 apellavit
1199 2094 1373 2174 Meropem,

145 2217 242 2277 quam
277 2205 393 2264 auctor
427 2199 588 2266 Octaviae
617 2198 708 2285 (766)
744 2199 870 2264 Aetnae
895 2197 964 2282 (89)
1000 2198 1126 2264 Statius
1155 2199 1248 2282 (Ach.
1266 2199 1374 2282 1174)

145 2306 313 2371 Martialis
352 2306 472 2388 (epigr.
505 2306 623 2374 XVIb
653 2308 679 2388 l,
716 2304 751 2371 11
775 2307 826 2388 14,
848 2306 885 2390 3)
925 2306 1177 2371 nominaverunt
1215 2307 1372 2387 Europen.

145 2413 296 2479 Ceterum
320 2414 443 2480 Latina
473 2415 579 2478 forma
603 2413 744 2478 nominis
769 2419 819 2478 est
842 2413 1057 2496 geographici
1082 2411 1206 2498 (Senec.
1224 2413 1286 2494 Ag.
1309 2413 1374 2476 274

145 2520 250 2603 epigr.
275 2521 308 2586 X
333 2523 352 2585 2
383 2522 505 2586 Lucan.
531 2521 657 2602 11674,
681 2520 820 2602 71817,
845 2520 896 2586 IX
919 2519 984 2584 872
1012 2518 1086 2586 Val.
1104 2519 1280 2586 1111117
1298 2520 1372 2600 727,

143 2627 229 2694 VIII
253 2629 318 2694 396
353 2627 860 2712 8111.Α(111.182,410,730).
916 2627 1030 2707 Neque
1069 2625 1168 2691 aliter
1206 2624 1374 2692 ablativus

144 2735 301 2816 neminie,
332 2737 371 2802 de
395 2755 457 2816 quo
482 2735 608 2817 agitur,
638 2753 832 2814 quamquam
857 2753 985 2815 semper
1008 2735 1050 2799 ad
1074 2740 1196 2798 terram
1220 2733 1372 2814 pertinet,

144 2847 255 2908 tamen
285 2849 418 2925 praeter
448 2843 579 2908 solitam
610 2843 764 2908 Latinam
798 2843 946 2923 formam,
979 2861 1075 2921 quam
1099 2841 1224 2906 Seneca
1255 2839 1372 2924 (epigr.

144 2949 239 3017 LXV
256 2950 290 3034 3)
329 2956 362 3014 11
391 2951 544 3014 Lucanus
581 2948 744 3034 (1119118)
780 2949 1013 3028 adhibuerunt,
1055 2947 1216 3014 Graecam
1247 2965 1375 3026 quoque

144 3063 310 3122 servatam
335 3056 482 3137 admisit,
515 3075 611 3137 quam
636 3055 820 3122 invenimus
844 3056 932 3136 apud
955 3053 1072 3120 Silium
1088 3053 1241 3119 Italicum
1265 3053 1372 3117 1221.

144 3163 209 3229 Sed
234 3165 332 3228 etiam
356 3164 418 3228 hoc
442 3164 513 3228 luco
538 3163 667 3228 codices
690 3162 779 3230 FOV
805 3163 943 3227 sormam
968 3162 1103 3227 tradunt
1125 3183 1251 3243 europa,
1277 3179 1374 3240 quam

144 3269 316 3336 iustiorem
339 3277 502 3352 putarem,
533 3269 598 3334 nisi
622 3270 708 3334 idem
731 3275 829 3350 poeta
857 3268 892 3333 in
917 3269 1060 3334 eiusdem
1084 3268 1163 3333 libri
1187 3286 1284 3334 versu
1309 3267 1374 3332 200

144 3377 244 3457 paulo
269 3377 475 3443 antecedenti
499 3376 646 3458 genetivi
670 3395 797 3456 (tuoque
822 3376 908 3441 idem
932 3374 1153 3457 significantis
1177 3394 1216 3440 ac
1240 3379 1373 3440 tantun-

144 3485 217 3550 dem
242 3483 384 3552 valentis
409 3485 538 3551 Graeca
563 3483 670 3549 forma
692 3485 836 3566 Europes
859 3501 937 3548 usus
963 3489 1058 3548 esset.

234 3610 264 3674 9.
293 3609 499 3675 Nominativi
523 3608 787 3674 terminationem
811 3632 847 3674 -o
875 3613 992 3690 poetae
1021 3607 1086 3673 nisi
1110 3607 1206 3672 metri
1231 3606 1373 3672 necessi-

144 3715 258 3782 tudine
282 3716 388 3782 coacti
417 3736 481 3781 nun
504 3717 742 3797 produxerunt,
773 3735 844 3780 cum
869 3715 977 3780 omnia
1005 3714 1101 3780 huius
1129 3713 1217 3779 modi
1242 3712 1374 3779 nomina

144 3822 309 3906 syllabam
334 3822 568 3905 paenultimam
600 3828 633 3888 et
660 3822 973 3903 antepaenultimam
1001 3822 1160 3886 haberent
1188 3825 1372 3901 correptam

144 3936 278 4010 praeter
300 3949 416 3997 nomen
442 3931 573 4015 11191111,
606 3930 698 3996 euius
729 3937 765 3995 11
788 3929 888 4011 longa
917 3935 1003 3995 esset
1026 3927 1230 4010 terminatio,
1262 3945 1372 3992 eorum

36 4041 39 4050 “
144 4055 306 4116 versuum,
339 4037 514 4117 inquibus
545 4037 721 4120 invenitur,
753 4036 1000 4102 continuatione
1030 4055 1094 4102 non
1125 4034 1233 4100 minus
1261 4039 1373 4115 postu-

144 4140 286 4209 labatur.

233 4251 341 4317 Huius
376 4251 508 4334 generis
543 4252 707 4317 nominum
744 4250 953 4317 accusativus
988 4269 1047 4332 per
1082 4271 1140 4314 -uu
1176 4248 1372 4314 1111111111

146 4358 228 4424 satis
259 4378 335 4424 raro
360 4359 541 4440 invenitur,
573 4378 648 4424 nam
673 4361 712 4424 21
738 4360 833 4424 modo
864 4358 947 4424 locis
976 4363 1093 4422 exstat.
1141 4357 1266 4422 Horum
1290 4374 1373 4420 unus

147 4471 196 4531 est
218 4466 390 4548 prosaicus
415 4465 550 4531 Petroni
574 4466 639 4551 (29,
657 4467 687 4545 9,
705 4465 742 4550 1),
768 4465 824 4545 qui
848 4465 997 4546 scripsit:
1023 4464 1135 4530 Iliada
1157 4471 1184 4529 et
1203 4461 1371 4546 Odyssiae,

146 4590 209 4651 ((11
243 4573 347 4638 forma
371 4575 478 4640 Varro
510 4573 590 4657 (Sat.
609 4573 693 4637 Men.
716 4572 771 4658 60)
806 4572 841 4636 11
874 4572 984 4636 eodem
1009 4575 1164 4636 contextu
1188 4589 1265 4635 usus
1290 4573 1371 4634 erat.
