3442 5324
760 1489 788 1555 1.

289 1630 428 1714 fluibus
457 1652 478 1712 e
506 1631 672 1713 lontibus
703 1633 872 1713 hauserit
900 1632 1051 1714 deneas
1082 1633 1266 1716 Gazaeus.

252 1811 419 1876 Neminem
460 1831 531 1877 esse
566 1818 643 1894 puto
684 1813 838 1878 Aeneae
877 1812 1058 1893 dialogum,
1098 1814 1154 1892 qui
1193 1813 1388 1878 inscribitur

160 1919 470 2000 Theophrastus
506 1919 681 2000 legentem,
716 1921 772 1999 qui
804 1939 867 1985 non
901 1919 1088 2001 intellegat,
1124 1926 1244 1999 quanto
1278 1920 1386 1985 studio

160 2027 275 2090 doctus
299 2025 355 2090 ille
381 2026 433 2091 vir
457 2026 597 2106 undique
622 2026 793 2108 collegerit
816 2027 996 2092 sententias
1021 2026 1302 2108 pbilosophorum,
1331 2028 1386 2107 qui

139 2139 219 2224 ant
246 2131 350 2198 libros
379 2139 629 2214 composuerunt
657 2135 696 2197 de
720 2133 944 2214 prouidentia,
975 2135 1014 2198 de
1039 2133 1287 2198 immortalitate
1316 2134 1388 2198 ani-

160 2259 295 2319 marum,
321 2241 360 2304 de
385 2259 556 2321 corporum
580 2241 834 2321 resurrectione,
865 2247 922 2305 aut
946 2241 1022 2305 illas
1046 2241 1263 2322 gravissimos
1288 2261 1387 2321 quae-

159 2347 284 2412 stiones
320 2347 367 2411 in*
390 2346 542 2428 oporibus
578 2347 647 2412 suis
682 2347 870 2428 tetigerunt.
925 2348 1066 2412 Prorsus
1100 2347 1230 2427 quidem
1266 2348 1386 2430 omnic,

161 2473 245 2534 quoe
266 2455 394 2519 Aeneas
418 2455 556 2535 sumpsit
585 2475 625 2519 ex
650 2474 758 2519 eorum
784 2455 947 2536 operibus,
974 2454 1128 2536 cognosci
1152 2474 1216 2521 non
1239 2462 1384 2536 possunt.

160 2560 245 2625 Nam
270 2579 341 2625 cum
371 2561 438 2626 illis
462 2562 661 2642 temporibus
689 2560 820 2626 floreret
843 2581 945 2642 genus
970 2562 1179 2643 scriptorum,
1212 2562 1267 2641 (rui
1292 2562 1386 2626 undi-

161 2687 222 2748 que
251 2667 389 2733 collatas
418 2669 676 2733 clarissimorum
705 2669 850 2733 virorum
879 2669 1059 2734 sententias
1088 2668 1122 2732 in
1147 2689 1245 2732 unum
1270 2670 1386 2732 conde-

161 2776 241 2839 bant
275 2775 548 2856 promptuarinm,
583 2774 657 2840 fieri
690 2775 798 2856 potuit
836 2783 870 2840 ut
902 2775 963 2840 lroc
996 2775 1172 2840 inserviret
1214 2775 1385 2856 scriptori-

162 2885 238 2962 bus3
287 2901 345 2946 nos
379 2888 501 2962 autem,
545 2901 618 2946 cum
653 2882 711 2946 illa
749 2881 914 2962 florilegio
952 2882 1125 2963 perierint,
1167 2882 1202 2945 in
1241 2880 1385 2963 periculo

164 3007 335 3054 versamur
374 3008 414 3053 ne
449 2996 598 3070 putemus
639 3009 693 3054 eos
729 3009 769 3053 ex
804 2989 912 3054 studio
953 2996 1098 3054 veterum
1139 2988 1198 3053 has
1238 2987 1387 3053 hausisse

162 3094 355 3160 sententias.
403 3095 541 3160 Accedit
564 3096 649 3174 qrrod
673 3095 864 3176 scriptores
897 3095 953 3174 qui
977 3095 1094 3176 primis
1122 3101 1197 3176 post
1221 3095 1385 3160 Christum

161 3207 273 3268 natum
319 3200 461 3266 saeculis
512 3221 612 3282 opera
662 3208 925 3282 composuerunt,
981 3201 1047 3282 ipsi
1097 3201 1387 3266 commentationes

161 3326 238 3373 suas
271 3307 467 3373 creberrime
497 3314 643 3376 veterum
676 3309 849 3374 sententiis
882 3314 1090 3374 ornaverunt.
1138 3309 1255 3387 Itaque
1287 3307 1386 3372 etiam

163 3435 203 3479 ex
248 3415 318 3481 illis
367 3415 471 3481 multa
523 3415 656 3481 fluxisse
702 3416 737 3480 in
781 3415 998 3496 posteriorum
1045 3415 1148 3480 libros
1215 3415 1287 3494 quis
1338 3420 1388 3479 est

162 3521 241 3601 quin
277 3521 472 3604 intellegat?
523 3523 571 3588 Eo
608 3521 742 3588 facilius
777 3522 811 3586 in
847 3541 990 3587 errorem
1025 3521 1170 3587 incidere
1207 3541 1385 3603 possumus,

162 3628 249 3709 quod
282 3629 445 3710 permulta
480 3630 610 3694 illorum
646 3636 714 3694 tum
750 3629 1007 3694 clarissimorum
1042 3647 1174 3710 operum
1215 3649 1277 3692 non
1312 3647 1387 3708 per-

162 3742 323 3801 venerunt
346 3737 387 3800 ad
404 3742 550 3801 nostram
574 3741 724 3802 aetatem.
765 3737 859 3819 Quod
875 3743 984 3800 autem
999 3736 1080 3800 mihi
1097 3736 1228 3801 videtur
1251 3735 1386 3799 maximi

163 3860 235 3907 esse
268 3841 436 3924 momenti,
474 3842 636 3908 florebant
672 3842 741 3906 illis
779 3843 980 3923 temporibus
1013 3843 1144 3908 scholae
1178 3842 1388 3924 pbilosopho-

161 3967 234 4013 rum
270 3957 303 4014 et
335 3949 512 4030 rhetorum,
548 3949 581 4013 in
612 3948 730 4028 quibus
766 3949 920 4030 discipuli
947 3951 1118 4014 discebant
1153 3969 1173 4014 a
1204 3948 1385 4030 magistris,

161 4056 234 4120 sive
267 4057 424 4136 quomodo
458 4055 531 4135 quis
563 4056 709 4122 scribere
742 4058 889 4137 deberet,
923 4076 962 4121 ne
996 4056 1126 4137 longius
1160 4059 1331 4121 oberraret
1367 4037 1416 4118 a¹

161 4181 281 4246 genere
311 4163 475 4228 scribendi
505 4163 740 4246 Atticorum,
770 4163 840 4230 sive
864 4163 982 4243 quibus
1011 4162 1170 4228 doctrinis
1201 4161 1387 4242 philosophi

162 4271 286 4336 veteris
311 4277 343 4334 et
358 4269 552 4334 recentioris
577 4270 697 4335 aetatis
714 4271 765 4334 usi
783 4278 900 4336 essent.
934 4271 1063 4334 Aeneas
1088 4276 1195 4333 antem
1218 4268 1287 4348 ipse
1312 4287 1388 4332 con-

162 4378 271 4442 fessus
302 4384 352 4442 est
380 4375 424 4461 (p.
452 4379 499 4458 l,r
519 4396 577 4458 sq,
606 4379 703 4459 iiior,
729 4378 771 4441 cf.
797 4377 903 4442 Boiss.
929 4397 959 4458 p.
980 4377 1055 4460 160)
1088 4395 1123 4440 se
1146 4375 1393 4487 philosophiam

161 4485 319 4551 didicisse
342 4488 383 4550 ab
409 4484 608 4566 Hierocle,
633 4485 828 4566 piriloscplro
846 4484 1129 4548 Alexandrino.
1177 4483 1250 4562 Sed,
1276 4501 1388 4561 quam-

161 4611 259 4672 quam
293 4592 402 4657 omnia
434 4592 469 4656 in
501 4591 641 4657 medium
675 4591 824 4673 proferre
859 4611 922 4657 non
955 4609 1140 4671 possumus,
1174 4595 1283 4654 tamen
1315 4608 1388 4670 per-

216 4731 373 4783 Sikorsiui,
394 4732 428 4775 De
443 4732 525 4775 Aones
540 4731 638 4774 Gozcee
1267 4713 1280 4764 l
