3442 5324
245 639 295 706 Eo
320 637 423 722 igitur
446 641 531 720 quod
548 639 686 707 Calchas
702 640 904 708 vaticinatus
929 646 978 708 est
1002 642 1074 708 fore
1098 648 1134 709 ut
1157 642 1245 710 Aiax
1268 643 1297 710 si
1320 644 1383 710 hoc

151 747 223 815 solo
247 747 300 813 die
316 747 406 813 intra
421 747 598 814 tentorium
614 748 821 830 retineretur,
846 755 1044 831 servaretur,
1066 749 1228 832 siminus
1245 751 1379 834 periret,

151 862 251 938 poeta
280 855 315 921 id
338 854 515 938 spectavit,
548 860 583 920 ut
606 857 781 922 Tecmessa
808 857 927 923 timore
949 862 1049 939 capta
1077 858 1219 937 nequid
1247 859 1380 925 humani

151 963 252 1028 Aiaci
276 963 448 1045 evenisset,
477 962 548 1028 sine
572 981 664 1028 moro
687 964 831 1046 vestigia
855 964 925 1030 eius
948 971 1148 1044 sequeretur.
1195 964 1270 1032 Nisi
1294 966 1381 1032 enim

151 1071 293 1137 Calchas
325 1070 459 1136 Aiacem
488 1070 546 1136 illo
575 1070 628 1137 die
658 1071 749 1136 foras
777 1071 865 1137 mitti
896 1071 1070 1153 vetuisset,
1105 1072 1279 1139 Γ1110111111
1308 1072 1381 1155 ipsa

150 1178 236 1244 nihil
269 1177 320 1243 illi
349 1177 522 1259 timuisset,
556 1178 614 1243 sed
647 1197 705 1260 per
732 1178 914 1261 complures
949 1178 1019 1245 dies
1046 1179 1187 1245 reditum
1221 1180 1291 1246 eius
1324 1200 1380 1246 ex-

150 1285 372 1368 spectavisset
395 1285 506 1351 verbis
530 1284 582 1350 his
606 1285 729 1352 confisa
753 1285 796 1371 (v.
814 1283 995 1370 652-56);

741 1408 875 1500 οἰκτίρω
899 1408 935 1478 δὲ
959 1437 1010 1478 νιν

369 1515 474 1606 χήραν
497 1514 578 1605 παρ’
602 1516 742 1608 ἐχθροῖς
764 1516 872 1585 παῖδά
895 1516 923 1584 τ’
948 1516 1094 1608 ὀρφανὸν
1117 1520 1237 1588 λιπεῖν.

368 1621 446 1690 ἀλλ’
470 1617 553 1708 εἶμι
577 1622 675 1714 πρός
697 1649 737 1692 τε
760 1622 906 1714 λουτρὰ
929 1626 993 1693 καὶ
1017 1626 1263 1716 παρακτίους

366 1733 575 1816 λειμῶνας,
600 1730 649 1810 ὠς
671 1728 716 1798 clv
739 1730 882 1818 hv'patt'
906 1732 1070 1819 ἁγνίσας
1093 1730 1166 1818 ἐμὰ

366 1843 481 1929 μῆνιν
504 1845 671 1928 βαρεῖαν
694 1839 943 1926 ε’ξαλὺξωμαι
967 1845 1074 1919 θεᾶς.

241 1967 390 2032 Eandem
415 1968 454 2032 ob
479 1985 611 2032 causam
636 1967 669 2032 in
694 1966 923 2036 Trachiniis
947 1968 1061 2034 tabula
1088 1968 1148 2035 illa
1171 1971 1213 2035 ab
1238 1969 1380 2036 Hercule

147 2073 334 2139 Deianirae
357 2073 474 2140 relicta
498 2080 560 2156 est,
593 2094 633 2140 ex
657 2092 721 2155 qua
750 2075 810 2140 illa
839 2080 1051 2158 cognosceret
1079 2075 1263 2156 quindecim
1291 2097 1380 2143 men-

147 2181 244 2248 sibus
261 2181 469 2248 circumactis
492 2181 587 2246 linem
611 2201 682 2248 esse
705 2183 850 2248 futurum
868 2182 1016 2249 laborum
1032 2183 1163 2250 illorum
1185 2183 1228 2270 (v.
1242 2184 1377 2271 44-48).

148 2289 223 2373 Quo
253 2289 348 2355 modo
379 2288 515 2371 accidit,
550 2296 586 2354 ut
612 2288 773 2355 Deianira
806 2290 864 2356 illo
895 2290 967 2372 ipso
999 2290 1052 2357 die
1083 2290 1174 2357 foras
1203 2311 1380 2374 progressa

148 2396 290 2482 Hyllum
314 2396 356 2460 ad
376 2401 503 2478 patrem
527 2395 648 2478 mittat,
673 2416 736 2477 quo
752 2397 912 2464 Hercules
935 2398 1104 2464 laboribus
1129 2398 1171 2464 ad
1186 2397 1282 2464 linem
1304 2419 1379 2483 per-

148 2503 261 2570 ductis
292 2503 420 2569 domum
447 2503 571 2570 reverti
599 2504 713 2585 possit.
761 2504 845 2570 Nam
868 2504 935 2571 nisi
964 2505 1027 2571 hac
1052 2505 1181 2572 ratione
1212 2506 1285 2572 fieri
1313 2526 1378 2573 non

147 2611 275 2694 potuit,
306 2617 343 2676 ut
372 2610 448 2676 finis
478 2610 627 2678 laborum
655 2611 746 2679 illius
777 2613 811 2678 in
843 2613 978 2679 eundem
1008 2613 1095 2679 diem
1125 2613 1285 2680 incideret
1315 2633 1378 2694 quo

145 2725 258 2785 mater
281 2718 370 2784 curis
385 2719 682 2785 vehementissimis
706 2720 854 2786 cruciata
877 2719 982 2787 filium
1006 2722 1048 2787 11
1068 2727 1195 2803 patrem
1219 2721 1378 2790 adiuvan-

146 2829 227 2894 dum
251 2827 532 2908 reducendumque
555 2826 707 2892 mitteret.

241 2952 354 3032 Neque
390 2951 456 3018 alio
489 2958 618 3034 spectat
651 2953 686 3018 in
719 2953 881 3019 Electra
915 2953 1074 3020 somnium
1108 2954 1376 3038 Clytaemestrae.

146 3061 244 3144 Quae
261 3063 537 3142 Agamemnonem
560 3079 727 3126 reversum
743 3066 909 3143 sceptrum
925 3061 1095 3141 antiquum
1118 3061 1153 3127 in
1170 3062 1243 3128 foco
1268 3061 1377 3143 patrio

146 3165 313 3234 insanisse
343 3172 441 3246 atque
469 3166 633 3233 surculum
665 3187 706 3232 ex
734 3187 770 3234 eo
801 3174 914 3233 natum
944 3167 1024 3234 totis
1051 3169 1199 3252 Mycenis
1229 3171 1377 3236 umbram

146 3273 304 3342 attulisse
328 3293 387 3356 per
401 3293 548 3342 somnum
565 3275 703 3341 viderat.
743 3276 814 3359 Quo
839 3276 963 3342 somnio
980 3275 1159 3357 perterrita
1182 3276 1242 3342 illa
1265 3277 1378 3343 statim

147 3380 404 3466 Chrysothemin
432 3383 473 3447 11
501 3381 686 3463 sepulcrum
708 3382 815 3465 patris
839 3382 958 3464 mittit;
991 3401 1031 3448 ea
1054 3389 1162 3449 tamen
1190 3402 1265 3467 non,
1293 3385 1380 3464 quod

146 3495 259 3556 mater
279 3488 432 3570 iusserat,
463 3489 552 3571 patri
583 3489 760 3572 sacrificat,
797 3491 854 3556 sed
877 3489 998 3556 cirrum
1028 3490 1120 3557 iussu
1143 3490 1298 3557 Electrae
1328 3510 1379 3556 11-

146 3596 266 3679 pulcro
296 3595 492 3678 impositura
523 3596 672 3663 Orestem
705 3597 844 3664 rediisse
875 3597 1054 3681 cognoscit.
1108 3598 1240 3666 Somnio
1276 3598 1379 3681 igitur

146 3703 210 3770 illo
242 3702 337 3783 quasi
366 3722 426 3786 per
457 3705 534 3770 deos
564 3704 655 3787 ipsos
685 3705 834 3771 sancitur
864 3711 961 3786 11001
992 3705 1202 3788 significatur
1230 3705 1379 3773 Orestem

147 3812 214 3877 hoc
247 3809 299 3876 die
331 3810 470 3877 ultorem
503 3812 609 3894 patris
643 3831 714 3879 esse
744 3830 960 3879 reversurum.
1008 3811 1044 3879 Si
1077 3821 1185 3879 autem
1219 3813 1379 3879 somnium
1420 3871 1423 3877 .

148 3917 235 3984 illud
259 3919 401 3999 abesset,
432 3918 586 3999 quidnam
616 3918 735 3986 fuisset
763 3919 937 3986 absurdius
961 3938 1058 4000 quam
1086 3919 1179 3987 illum
1203 3926 1253 3986 tot
1276 3939 1379 3986 annos

149 4028 319 4092 absentem
351 4027 462 4092 eodem
493 4027 546 4092 die
575 4028 703 4094 domum
733 4028 871 4110 reverti,
904 4047 965 4108 quo
995 4029 1113 4094 marito
1142 4047 1239 4095 sacra
1267 4025 1379 4093 facere

149 4133 410 4217 Clytaemestrae
456 4134 490 4199 in
535 4141 675 4200 mentem
721 4135 883 4202 venisset!
949 4135 1064 4202 Simile
1109 4135 1270 4202 somnium
1315 4154 1378 4216 quo

150 4239 336 4324 Aeschylus
366 4241 438 4323 ipse
468 4242 621 4328 (Ghooph.
640 4263 669 4308 v.
688 4245 752 4309 527
765 4242 827 4329 sq.)
859 4263 936 4309 usus
967 4250 1029 4325 eat,
1062 4243 1127 4309 iam
1159 4243 1246 4325 apud
1276 4242 1379 4309 Stesi-

150 4347 286 4413 chorum
317 4347 458 4431 legimus
491 4345 551 4435 (fr.
576 4351 619 4414 42
643 4348 730 4436 B⁴);
781 4352 867 4430 quod
899 4356 1007 4417 utrum
1044 4349 1103 4416 ille
1138 4351 1250 4416 eodem
1283 4350 1378 4415 modo

150 4459 251 4534 atque
283 4461 399 4536 poetae
430 4455 550 4539 tragici
585 4476 657 4522 cum
688 4458 831 4525 adventu
862 4458 991 4525 Orestis
1023 4456 1231 4525 coniunxerit
1260 4476 1377 4540 necne,

150 4581 217 4627 non
240 4561 352 4642 liquet.
