3522 5310
846 387 884 392 ..
931 293 971 359 16

977 387 1058 394 ..-μῇ

451 490 560 576 Atque
584 491 716 556 minime
745 487 856 555 hercle
888 491 951 556 hae
985 490 1163 556 Simonidei
1196 491 1349 556 carminis
1381 463 1540 579 interpre-

366 599 487 661 tatione
511 596 603 662 Plato
632 596 767 662 efficere
797 597 930 680 studuit,
960 609 995 661 ut
1025 597 1105 662 illud
1135 597 1341 663 Antisthenis
1371 598 1492 664 dietum
1521 624 1541 665 a

362 702 575 769 Duemmlerc
600 703 733 768 allatum
756 704 986 771 Antisthenica
1014 703 1201 792 explicandi
1224 708 1349 770 ratione
1373 706 1538 772 refutaret.

362 811 478 897 Neque
507 813 594 875 enim
626 811 667 875 de
694 813 757 877 isto
782 811 869 876 dicto
895 812 1079 898 disputatur
1106 834 1213 898 neque
1238 813 1444 878 Antisthenis
1474 814 1539 878 dis-

363 918 497 1005 putandi
525 919 685 984 rationem
715 921 940 1005 eognovimus.
991 919 1096 984 Immo
1126 922 1230 984 omnis
1261 923 1414 1007 quaestio
1439 929 1469 990 ὲν
1496 935 1540 1011 τῷ

361 1033 493 1118 χαλεπὸν
513 1029 625 1096 ἐσθλόν
642 1028 715 1095 εἶναι
731 1036 764 1092 et
778 1033 910 1119 χαλεπὸν
934 1032 1048 1096 ἐσθλόν
1063 1031 1218 1118 γενέσθαι·
1231 1037 1391 1110 versatur,
1417 1031 1539 1114 etquis

363 1135 482 1219 estqui
497 1143 597 1216 neget
612 1131 715 1198 solius
732 1133 901 1221 sophistae
917 1157 1002 1217 esse,
1020 1133 1109 1220 quod
1124 1134 1322 1220 Protagoras
1339 1133 1539 1200 Simonidem

356 1244 472 1327 ipsum
501 1264 614 1306 seeum
643 1252 842 1328 pugnantem
873 1241 951 1310 facit
979 1240 1177 1306 discriminis
1213 1243 1297 1306 inter
1329 1249 1473 1332 γενέσθαι
1509 1253 1541 1306 et

362 1349 435 1417 εἶναι
466 1349 592 1413 ratione
621 1371 686 1414 non
715 1346 835 1431 habita,
870 1370 954 1436 quae
984 1359 1018 1413 ut
1045 1349 1204 1414 habeatur
1229 1348 1382 1415 Socrates
1408 1349 1539 1417 demum

363 1453 495 1522 monet?
541 1454 639 1520 Unde
664 1455 815 1536 efficitur,
839 1467 874 1520 ut
897 1463 1058 1542 nequest
1082 1463 1147 1548 napi
1169 1464 1317 1542 ποιήσεως
1339 1459 1540 1548 διαλέγεσθαι

362 1583 469 1649 neque
486 1563 710 1648 interpretatio
728 1563 882 1627 carminis
899 1561 1079 1628 Simonidei
1096 1564 1139 1628 ad
1154 1563 1384 1628 Antisthenem
1402 1568 1538 1652 spectet,

363 1670 422 1735 sed
458 1679 630 1755 utrumque
665 1669 706 1734 ad
749 1669 914 1757 sophistas
956 1670 1166 1736 referendum
1194 1673 1236 1736 sit
1260 1693 1365 1758 aeque
1389 1694 1428 1735 ae
1452 1681 1540 1739 totus

362 1775 522 1862 dialogus,
552 1776 585 1841 id
615 1776 703 1863 quod
731 1777 783 1841 bis
812 1799 942 1864 quoque
975 1777 1182 1865 comprobari
1215 1789 1332 1865 potest.
1385 1773 1541 1844 Socrates

363 1896 520 1970 tanquam
553 1882 651 1948 nimis
683 1882 866 1956 obliviosus
903 1895 982 1967 orat,
1019 1895 1054 1950 ut
1084 1884 1280 1970 Protagoras
1295 1884 1405 1952 brevi
1440 1893 1538 1973 atque

361 1993 495 2056 concisa
531 1990 663 2055 dicendi
698 1993 823 2057 ratione
859 2001 968 2057 utatur
1004 2013 1088 2058 neve
1126 2001 1294 2078 tantopere
1334 1994 1365 2056 in
1405 1991 1538 2078 longum

362 2103 540 2164 orationem
564 2099 746 2185 protrahat,
769 2099 1000 2184 interrogando
1026 2109 1058 2164 et
1081 2099 1312 2188 respondendo
1336 2121 1448 2164 secum
1475 2099 1538 2164 dis·

361 2215 461 2293 putet,
479 2229 543 2271 non
562 2206 604 2270 ad
622 2206 767 2291 singulas
781 2210 992 2293 quaestiones
1005 2206 1138 2293 longum
1153 2229 1337 2273 sermonem
1350 2207 1537 2294 producens

362 2315 608 2400 orationemque
644 2299 867 2400 intercipiens,
906 2337 948 2378 ne
983 2313 1065 2379 alius
1100 2295 1263 2401 loquatur,
1300 2314 1359 2380 sed
1394 2327 1433 2378 ut
1465 2316 1536 2378 eius

362 2419 560 2503 verbositate
576 2418 707 2506 plurimi
722 2421 776 2507 qui
793 2421 928 2486 audiant
944 2420 1188 2503 obliviscantur,
1206 2445 1271 2507 qua
1283 2421 1331 2486 de'
1341 2445 1377 2486 re
1391 2403 1538 2509 quaestio

361 2529 529 2615 proposita
559 2527 658 2593 fuerit
689 2528 830 2614 (Protag.
856 2529 920 2594 334
945 2528 988 2593 D.
1013 2529 1078 2594 336
1103 2527 1177 2616 sq).
1234 2529 1317 2594 Uter
1351 2531 1449 2613 igitur
1482 2529 1538 2596 tali

361 2635 493 2700 dicendi
516 2634 670 2700 facultate
695 2635 884 2722 praeclarus
909 2646 988 2715 erat,
1025 2634 1171 2722 Cynicus
1195 2659 1235 2700 an
1261 2634 1446 2722 sophista?
1476 2636 1538 2700 Re-

361 2741 522 2829 spondeat
538 2742 733 2828 Protagoras
750 2745 822 2829 ipse
840 2767 869 2829 p.
896 2743 975 2806 335:
1001 2745 1028 2812 εἵ
1042 2747 1092 2812 οὖν
1109 2751 1230 2836 μέλλεις
1246 2744 1305 2828 (sci
1324 2742 1538 2828 Protagoras)

361 2857 429 2941 'spot
452 2847 512 2936 (sc.
533 2849 675 2933 Socrati)
700 2855 907 2932 διαλέξεσθαι.
933 2865 976 2940 τῷ
1001 2854 1095 2942 ἑτέρῳ
1118 2863 1180 2942 χρῶ
1203 2857 1306 2942 τρόπῳ
1329 2857 1402 2942 πρός
1427 2879 1473 2942 με,
1498 2864 1537 2945 τῇ

363 2961 578 3050 βραχυλογίᾳ,
614 2959 657 3026 Ὤ
686 2961 857 3049 Σώκρατες.
894 2961 959 3050 ἔφη.
990 2963 1116 3038 πολλοῖς
1142 2961 1201 3042 ἤδη
1231 2962 1271 3038 εἰς
1298 2962 1404 3048 ἀγῶνα
1438 2965 1537 3050 λόγων

364 3069 516 3157 ἀφικόμην
540 3069 718 3156 ἀνθρώποις.
755 3071 807 3154 καὶ
835 3069 865 3132 εἶ’
883 3076 977 3134 τοῦτο
1007 3070 1133 3146 ἐποίουν,
1164 3068 1180 3132 ό
1209 3073 1244 3134 σὺ
1275 3069 1416 3146 κελεύεις,
1454 3074 1495 3146 ὡς
1521 3071 1538 3134 ό

364 3176 530 3263 ἀντιλέγων
558 3177 679 3242 ἐκέλευέ
708 3201 745 3265 με
770 3177 982 3263 διαλέγεσθαι,
1018 3177 1097 3240 οὕτω
1124 3177 1314 3262 διελεγόμην,
1352 3177 1474 3253 οὐδενός
1493 3177 1539 3240 »ἂν

363 3283 490 3370 βελτίων
503 3284 665 3371 ἐφαινόμην
680 3278 743 3348 οὐδ’
758 3285 793 3348 ἂν
805 3285 927 3371 ἐγένετο
940 3285 1144 3371 Πρωταγόρου
1159 3282 1256 3370 ὄνομα
1268 3288 1298 3349 ὲν
1311 3292 1374 3360 τοῖς
1382 3285 1538 3365 Ἓλλησιν.

450 3385 533 3450 Prae
568 3389 775 3471 gravissimis
796 3387 855 3450 his
885 3388 1079 3450 testimoniis
1113 3386 1315 3452 Antisthenis
1351 3409 1469 3452 nomen
1505 3389 1537 3451 in

361 3492 540 3578 Protagora
575 3492 704 3578 dialogo
740 3493 917 3558 indicatum
951 3516 1152 3558 evanescere
1186 3504 1320 3580 oportet.
1379 3494 1472 3558 Nam*
1497 3517 1537 3558 ue

362 3601 530 3664 concisum
556 3599 688 3685 quidem
705 3610 838 3685 ,septem
865 3601 1059 3686 sapientium
1085 3599 1216 3664 dicendi
1239 3623 1385 3684 genuero
1403 3601 1538 3666 Socrate

361 3706 584 3792 praedicatum
619 3729 693 3771 cum
722 3707 936 3775 Duernrulero
969 3730 1028 3794 pro
1058 3705 1202 3792 maligna
1234 3706 1275 3771 ad
1307 3708 1536 3774 Antisthenbm

361 3812 534 3880 referenda.
568 3815 717 3880 irrisione
756 3815 948 3879 babendum
969 3825 1042 3902 test,
1091 3815 1144 3898 qui
1188 3838 1388 3901 quamquam.
1429 3821 1538 3909 ἀρετὴν

361 3923 552 4014 βραχυλόγον
569 3925 642 3991 εἶναι
666 3922 880 4004 contenderit,
906 3934 1014 3988 tamen
1031 3923 1137 3987 fusius
1155 3925 1334 4008 scripserit.
1382 3922 1449 3991 Sed
1473 3922 1537 3990 tale

362 4029 483 4096 dictum
501 4029 697 4116 Cynicorem
722 4034 889 4118 proprium
915 4054 981 4100 non
1005 4041 1064 4114 est,
1089 4041 1187 4117 atque
1213 4053 1253 4096 ex
1271 4032 1322 4099 his
1346 4031 1435 4116 ipsis
1454 4053 1537 4116 quae

362 4159 462 4222 supra
483 4136 572 4202 attuli
591 4141 799 4224 perspicuum
819 4148 869 4202 est
885 4139 1051 4205 Socratem
1070 4137 1411 4225 breviloquentiaqua
1435 4137 1536 4206 virtu's

362 4244 544 4308 continetur
568 4265 664 4308 usum
689 4267 763 4308 esse
788 4255 820 4308 et
844 4243 1040 4330 postulasse.
1089 4243 1155 4309 Sed
1180 4245 1222 4310 sit
1242 4243 1305 4309 hoc
1327 4245 1537 4334 Cynicorum,-

364 4352 433 4414 sine
471 4359 521 4414 sat
556 4353 732 4437 perspicua
767 4373 868 4416 causa
904 4349 1057 4436 colligere
1077 4375 1158 4420 ..uon
1193 4350 1271 4416 licet
1304 4350 1536 4442 Antisthenen]

362 4459 527 4543 copiosius
545 4460 729 4544 scripsisse.
778 4457 971 4523 Celebratur
987 4457 1247 4545 breviloquentia
1264 4470 1389 4544 septem
1408 4461 1536 4546 sapien·

362 4565 441 4627 tium
477 4566 593 4628 mentis
629 4568 699 4628 acie
736 4565 844 4652 itaque
881 4569 997 4630 virtute
1034 4576 1147 4629 ornata
1183 4588 1293 4658 eaque,
1316 4565 1534 4651 sophistarum
