3462 5312
859 390 1070 490 „uu-

439 603 616 686 Charybdis
652 603 794 668 nominis
822 602 963 668 Latinus
994 603 1204 670 accusativus
1234 601 1427 686 Charybdim
1456 604 1575 684 legitur

348 713 435 791 apud
467 711 639 776 Manilium
669 711 715 777 IV
739 710 818 792 605,
852 711 1021 775 Lucanum
1051 709 1097 777 IV
1121 711 1200 792 461,
1235 710 1425 776 Iuvenalem
1450 711 1478 778 V
1506 711 1574 790 102,

348 837 451 899 neque
483 837 614 884 oausam
647 818 795 884 invenire
825 837 971 899 possum,
1004 835 1069 897 qua
1092 825 1271 884 commotus
1301 817 1405 886 Silius
1429 817 1575 899 italicus

351 943 544 1006 quamquam
570 924 604 989 in
628 925 824 990 Punicorum
849 943 946 990 versu
970 924 1050 990 XIV
1069 925 1148 990 256:

564 1041 833 1108 Tauromeniharm
857 1048 986 1106 cerrima
1009 1043 1046 1106 dc
1069 1043 1139 1106 sada
1164 1039 1357 1124 Charybdim

349 1150 483 1214 eundem
509 1167 601 1214 usum
626 1149 783 1230 sequitur,
809 1148 844 1212 in
869 1147 1011 1214 eiusdem
1037 1148 1146 1230 operis
1170 1167 1268 1214 versu
1291 1149 1327 1213 II
1351 1149 1433 1214 308:

561 1262 698 1321 aramma
722 1255 862 1338 afnrda
886 1262 1085 1322 recoloratam
1109 1262 1252 1322 transtro
1277 1255 1462 1338 Charybdin

348 1361 510 1428 Graecam
535 1361 674 1426 fonnem
699 1361 903 1442 praetulerit.

438 1479 549 1558 Neque
573 1477 678 1560 magis
705 1477 881 1559 perspicua
905 1483 955 1542 est
978 1495 1092 1557 causa,
1123 1497 1206 1557 quae
1229 1477 1399 1545 Valerium
1423 1478 1578 1543 Flaccum

348 1585 533 1667 commovit,
558 1591 594 1650 ut
617 1585 652 1650 in
675 1604 773 1650 versu
797 1585 919 1652 1V77:

562 1693 691 1758 velocem
714 1693 814 1758 roseis
837 1693 968 1758 demidii
990 1692 1128 1757 arrbibus
1151 1692 1232 1756 Irim

347 1800 502 1866 Latinam
528 1801 667 1866 sormam
691 1799 877 1881 adhiberet,
908 1800 1069 1866 Graecam
1094 1807 1203 1865 autem
1227 1799 1339 1865 eodem
1367 1798 1439 1865 loco
1464 1819 1579 1866 versus

349 1907 414 1975 VH
440 1901 543 1972 186³·
621 1997 626 2008 ,
655 1995 659 2006 .
688 1995 693 2006 .
726 1943 878 2008 oohrrarem
901 1949 975 2008 trama
999 1944 1128 2008 aduocat
1151 1941 1233 2007 Irim.

348 2069 451 2151 Quam
484 2068 645 2135 Graecam
677 2067 817 2133 formam
848 2066 974 2132 Statius
1007 2086 1133 2147 quoque
1163 2067 1199 2132 in
1229 2067 1396 2133 Thebaide
1429 2067 1580 2134 servavit

348 2175 441 2240 metri
471 2175 669 2240 necessitate
698 2180 876 2240 commotus
907 2173 941 2238 in
965 2174 1119 2240 verqu
1143 2176 1201 2254 81,
1233 2193 1327 2254 quem
1355 2174 1450 2256 sequi
1472 2173 1579 2240 voluit

348 2282 488 2348 alterum
512 2281 617 2346 locum
642 2281 689 2348 IV
706 2281 786 2346 461:

561 2388 800 2470 nominibusque
823 2389 901 2454 cient
925 2388 1064 2453 Phalcen
1087 2388 1241 2454 Adamas
1264 2395 1292 2454 ei
1314 2387 1397 2470 Irim,

347 2496 403 2562 ubi
428 2497 513 2561 alter
536 2495 745 2562 acctisativus
771 2495 932 2575 Graecus,
965 2494 1020 2574 qui
1045 2495 1224 2576 antecedit,
1257 2493 1399 2560 alicuius
1422 2495 1577 2560 momenti

349 2603 452 2668 luisse
482 2609 600 2684 potest.
648 2602 802 2668 Latinum
827 2609 943 2668 contra
966 2602 1191 2668 accusativum
1215 2603 1297 2668 irim
1325 2602 1467 2685 legimns
1492 2604 1579 2684 apud

349 2711 466 2777 Silium
491 2709 644 2775 Italicum
668 2709 719 2774 IX
742 2710 818 2788 471,
836 2710 911 2790 529,
930 2711 992 2774 551
1020 2717 1052 2774 et
1075 2709 1110 2774 in
1134 2709 1240 2775 Iliade
1264 2710 1388 2775 Latina
1413 2711 1488 2776 223.

435 2816 603 2883 Nonnulla
634 2816 772 2897 denique
803 2823 931 2882 restant
963 2817 1104 2898 nomina,
1139 2836 1274 2896 quorum
1306 2817 1517 2883 accusativus
1549 2825 1580 2882 et

347 2945 405 3007 per
428 2928 478 2991 ·ia
501 2923 553 2990 vel
578 2926 636 2990 -im
660 2929 693 2990 et
715 2943 774 3005 per
797 2926 867 2990 -ida
891 2924 944 2989 vel
969 2925 1065 2989 -idam
1089 2924 1284 2989 terminatus
1310 2924 1486 2990 invenitur.

436 3033 489 3098 lta
513 3032 666 3097 Lucanus
692 3031 725 3096 in
754 3032 816 3096 fine
841 3050 955 3097 versus
979 3031 1090 3098 V236
1120 3031 1303 3096 hexametri
1331 3031 1442 3113 posuit
1465 3033 1576 3112 Aulia,

347 3140 471 3206 Seneca
487 3145 594 3206 autem
609 3140 732 3205 Aulida
748 3139 880 3204 flectere
896 3138 1014 3204 maluit
1029 3138 1063 3202 in
1077 3137 1332 3222 Agamemnonis
1349 3137 1481 3203 senario
1498 3139 1577 3203 bor:

561 3248 748 3329 tardamque
772 3247 898 3311 ratibus
921 3247 1064 3312 Aulida:
1087 3247 1169 3312 hanc
1192 3267 1294 3312 arce-m
1318 3253 1455 3328 occupat,

350 3374 432 3434 quae
465 3357 572 3419 forma
603 3354 703 3419 etiam
727 3353 833 3419 Statio
863 3353 973 3434 aptior
996 3353 1173 3419 videbatur
1203 3354 1246 3418 ad
1268 3353 1449 3419 Thebaidis
1479 3355 1578 3419 hexa-

350 3467 489 3527 metrum
511 3462 578 3528 VII
602 3462 666 3526 332
691 3461 916 3526 efficiendum:

565 3569 685 3634 Aulida
709 3570 764 3652 qrri
790 3567 989 3651 Graan-mque
1012 3575 1119 3634 serunt
1142 3569 1317 3651 uiridesque
1340 3567 1502 3635 Plataeas.

436 3685 546 3750 Elidis
586 3684 727 3750 nominis
767 3684 992 3750 accusativum
1031 3684 1178 3751 variavit
1215 3685 1348 3750 Seneca.
1413 3684 1575 3750 Troadum

348 3792 434 3858 enim
458 3791 569 3858 versui
593 3793 711 3857 adonio
737 3793 818 3858 850:

561 3899 661 3965 Elida
686 3901 807 3966 claram

347 4007 429 4073 haec
455 4007 561 4072 forma
585 4007 657 4071 sola
680 4007 856 4086 satisfecit,
882 4007 916 4070 in
933 4006 1186 4070 Phoenissarum
1211 4012 1320 4070 autem
1341 4005 1472 4072 senario
1502 4007 1574 4070 129:

561 4125 674 4206 quiquo
697 4121 777 4187 Elin
801 4129 827 4189 d
851 4122 1022 4188 Parnason
1045 4130 1072 4188 et
1096 4122 1242 4188 Boeotios

347 4241 485 4306 alteram
501 4221 650 4304 'formam
674 4238 842 4320 praetulit,
868 4258 962 4318 quam
980 4239 1106 4304 Statius
1128 4257 1255 4318 quoque
1278 4239 1431 4304 adhibuit
1455 4239 1489 4304 in
1512 4238 1573 4306 Sil-

347 4367 461 4415 varum
485 4367 583 4414 versu
607 4347 641 4411 ΙΙ
665 4349 695 4428 6,
713 4349 754 4412 47
780 4353 856 4411 ante
880 4345 1036 4412 vocalem.
1158 4353 1160 4358 '

438 4463 570 4529 Paridis¹
599 4463 740 4528 nominis
769 4463 977 4528 accusativus
1006 4481 1134 4543 semper
1157 4463 1276 4527 Latino
1299 4462 1403 4528 flexus
1427 4469 1492 4544 est,
1520 4461 1575 4526 sed

347 4579 444 4653 prout
460 4572 555 4636 metri
572 4570 658 4636 ratio
676 4571 875 4651 postulabat,
894 4576 951 4634 aut
966 4569 1090 4650 Parim,
1108 4576 1180 4635 uta
1199 4569 1353 4635 Martiale
1371 4569 1439 4633 XII
1456 4568 1571 4650 52,10;
