3442 5324
910 307 951 371 72

478 516 632 596 Πενθεύς
655 517 683 585 τ’
707 518 785 604 ἐμὸς
807 525 889 597 παῖς
912 524 978 587 ποῦ
1001 518 1101 598 ’στινς
1132 519 1282 608 αἰρέσθω
1306 518 1417 608 λαβὼν

477 630 609 714 πηκτῶν
632 624 717 717 πρὸς
740 629 852 706 οἴκους
874 625 1040 713 κλιμάκων
1063 625 1326 717 προσαμβάσεις,

477 732 522 810 ὠς
545 732 759 822 πασσαλεύσῃ
783 739 887 824 κρᾶτα
909 733 1103 826 τριγλύφοις
1125 733 1202 803 τόδε

479 839 610 917 λέοντος
633 839 670 907 ὃν
692 838 832 932 πάρειμι
856 840 1023 932 θηράσασ
1048 839 1119 928 ἐγώ.

407 969 512 1051 Quam
544 967 639 1034 brevi
671 974 747 1050 post
776 968 917 1035 Cadmus
949 969 1111 1052 sequitur,
1145 969 1202 1050 qui
1231 972 1377 1036 membra
1406 970 1546 1035 Penthei

318 1074 468 1157 dispersa
492 1074 636 1156 collegit.
684 1075 792 1156 Atque
815 1075 864 1141 ita
886 1075 924 1141 fit
954 1082 992 1141 ut
1014 1076 1130 1158 Agave
1160 1076 1195 1142 in
1223 1095 1344 1142 scaena
1367 1076 1441 1158 ipsa¹
1463 1096 1545 1158 pau-

317 1180 412 1247 latim
437 1187 469 1246 et
491 1187 631 1247 mentem
655 1183 797 1264 recipiat
819 1189 854 1248 et
868 1184 954 1263 quod
979 1183 1109 1248 facinus
1132 1183 1333 1249 commiserit
1356 1189 1543 1266 cognoscat.

406 1287 520 1368 Neque
543 1288 612 1354 alia
633 1289 763 1355 ratione
786 1289 822 1356 in
845 1289 1066 1356 Troadibus
1082 1290 1313 1356 Andromacha
1336 1297 1414 1356 tunc
1437 1290 1544 1372 ipsum

317 1413 376 1476 per
399 1395 614 1479 Talthybium
645 1397 684 1462 de
711 1415 791 1462 nece
814 1396 877 1461 filii
908 1399 950 1462 ab
974 1397 1111 1480 Argivis
1142 1397 1322 1464 constituta
1351 1397 1473 1464 certior
1494 1397 1543 1479 fit,

320 1520 392 1568 cum
416 1501 451 1566 in
475 1521 627 1568 scaenam
651 1503 804 1585 pervenit
826 1502 883 1589 (cf.
908 1524 939 1571 v.
958 1503 1022 1570 709
1032 1502 1104 1590 sq).

409 1609 523 1689 Neque
554 1610 684 1675 nuntii
713 1611 792 1691 quid
815 1610 881 1676 alio
906 1611 952 1676 sit
973 1616 1101 1694 gestum
1125 1610 1196 1677 loco
1220 1613 1283 1677 huc
1306 1611 1426 1677 afferre
1450 1613 1543 1677 dubi-

319 1720 406 1798 tant,
446 1716 578 1783 etiamsi
616 1717 696 1783 illae
729 1736 889 1800 personae
924 1718 967 1783 ad
1002 1737 1083 1798 quas
1123 1718 1303 1785 edocendas
1342 1719 1544 1786 advenerunt

319 1825 447 1889 absunt.

407 1930 447 1996 In
476 1931 570 1997 Ione
593 1931 679 1997 enim
714 1932 858 1998 famulus
881 1932 917 1997 in
940 1950 1092 1997 scaenam
1116 1951 1325 2015 progressus,
1355 1937 1393 1999 ot
1416 1939 1542 2016 specta-

318 2043 407 2104 tores
439 2039 567 2104 iaceret
596 2038 754 2104 certiores
785 2039 940 2119 quidnam
970 2039 1093 2106 Creusa
1123 2059 1247 2107 veneno
1280 2039 1339 2107 illo
1371 2040 1541 2124 effecisset

318 2145 401 2210 hacc
423 2144 508 2211 iacit
530 2149 632 2214 verba
656 2145 968 2233 (v.1106-1108):

532 2267 669 2360 κλεινήν,
692 2275 852 2354 γυναῖκες,
875 2274 951 2337 ποῦ
973 2268 1090 2359 κόρην
1113 2268 1324 2359 Ἐρεχθέως

533 2375 748 2446 δέσποιναν
771 2374 889 2467 εὖρος
918 2381 1069 2465 πανταχῇ
1091 2374 1152 2467 γὰρ
1176 2375 1302 2454 ἄστεως

534 2486 639 2573 ζητῶν
662 2511 712 2552 νιν
735 2481 900 2574 ἐξέπλησα
922 2483 1000 2551 κούκ
1023 2482 1086 2566 ἔχω
1109 2485 1232 2571 λαβεῖν.

409 2612 513 2694 Quam
544 2631 676 2677 causam
707 2611 818 2677 fictam
850 2631 935 2694 esse,
969 2617 1006 2677 ut
1036 2611 1179 2677 famulus
1209 2610 1286 2677 illas
1316 2631 1370 2678 res
1399 2612 1463 2678 huc
1493 2631 1541 2677 re-

321 2718 475 2783 nuntiare
498 2724 618 2802 posset,
642 2719 720 2784 inde
743 2726 883 2800 apparet
899 2719 984 2799 quod
1007 2738 1079 2784 cum
1097 2719 1214 2784 chorus
1238 2718 1298 2784 illa
1321 2721 1424 2784 verba
1447 2719 1541 2800 plane

319 2824 483 2907 neglegat,
509 2825 633 2892 Creusa
656 2829 791 2892 absente
815 2826 846 2891 ei
869 2825 1018 2891 nuntium
1041 2825 1169 2891 referre
1192 2844 1257 2892 non
1282 2825 1420 2892 dubitat.

408 2931 523 3012 Neque
557 2932 592 2997 in
624 2933 793 2999 Bacchis
824 2932 997 3014 quisquam
1031 2932 1065 2998 in
1096 2951 1216 2999 scaena
1244 2935 1455 3013 versabatur,
1491 2933 1541 2998 cui

320 3038 453 3104 nuntius
477 3059 574 3120 quam
597 3040 776 3106 crudeliter
798 3041 949 3106 Bacchae
977 3040 1012 3106 in
1035 3039 1215 3106 Pentheum
1238 3044 1412 3122 grassatae
1436 3044 1542 3106 essem

320 3145 512 3226 explicaret.
544 3147 661 3226 Itaque
677 3147 810 3213 chorum
827 3147 1088 3214 inimicissimum
1101 3147 1245 3213 Pentheo
1259 3147 1409 3228 quamvis
1424 3146 1541 3229 gaudio

321 3251 538 3318 exsultantem
563 3255 676 3320 edocet
699 3254 778 3335 quid
801 3254 858 3320 ille
882 3255 917 3320 in
941 3255 1028 3320 saltu
1055 3273 1172 3337 passus
1201 3254 1246 3320 sit
1276 3257 1320 3339 (v.
1341 3254 1425 3320 1030
1437 3254 1499 3338 sq.)
1520 3253 1539 3338 ).

410 3361 495 3427 Nam
519 3362 709 3428 nuntiorum
724 3363 866 3427 maxime
890 3362 1028 3428 interest
1051 3367 1255 3443 spectatores
1279 3362 1430 3444 edocere3
1462 3379 1540 3442 quae

320 3486 463 3549 persona
488 3470 573 3536 forte
598 3469 634 3534 in
657 3488 777 3536 scaena
800 3475 961 3551 versetur,
987 3488 1144 3549 quaerere
1167 3469 1330 3535 omittunt.

408 3701 523 3782 Neque
556 3721 632 3768 raro
661 3701 700 3767 fit
734 3708 771 3767 ut
805 3720 997 3784 personae
1027 3702 1062 3766 in
1090 3720 1243 3768 scaenam
1273 3719 1470 3784 progressae
1497 3717 1538 3765 ne

321 3826 478 3875 causam
501 3809 654 3889 quidem
677 3810 899 3891 proferant,
924 3828 983 3874 cur
999 3809 1084 3875 huuc
1106 3809 1214 3874 locum
1228 3811 1327 3874 rebus
1347 3805 1537 3892 peragendis

322 3915 496 3998 elegerint,
531 3934 726 3996 quamquam
759 3915 789 3981 si
822 3934 942 3982 scaena
973 3917 1095 3982 mutari
1127 3916 1302 3999 potuisset,
1342 3915 1414 3982 sine
1446 3912 1537 3980 dubio

320 4023 422 4088 alium
449 4023 614 4089 inlocum
638 4043 709 4090 sese
733 4023 958 4090 contulissent.

412 4237 431 4307 ¹)
450 4236 573 4291 Eandem
586 4238 722 4291 rationem
740 4238 894 4291 invenimus
914 4236 1065 4291 adhibitam
1083 4238 1111 4290 in
1125 4236 1215 4291 Rheso
1233 4235 1346 4304 fabula3
1371 4251 1435 4290 uam
1448 4235 1539 4302 auriga

321 4329 395 4396 regis
418 4342 581 4393 quamquam
605 4326 658 4381 huc
682 4343 711 4380 ae
734 4328 890 4394 pervenisse
909 4327 992 4395 dixit,
1016 4331 1049 4380 ut
1066 4327 1211 4380 Hectorem
1230 4325 1274 4380 vel
1297 4326 1432 4394 principes
1450 4324 1538 4378 Troia-

322 4431 417 4470 norum
437 4418 566 4471 certiores
585 4415 693 4471 iaceret
711 4416 830 4470 Rhesum
854 4431 913 4470 ease
936 4416 1115 4471 interfectum
1136 4415 1329 4486 (1.738-44),
1353 4421 1444 4469 maren
1463 4412 1536 4468 choro

322 4505 465 4560 custodum
485 4505 553 4560 illud
573 4508 723 4562 renuntiat.
