3496 5310
351 635 476 713 rorent,
500 629 593 698 velut
608 627 758 713 Wagner
769 627 803 715 ²),
821 628 1030 716 rolliger-²),
1048 626 1296 716 Ribbeokius⁸),
1313 629 1356 696 H.
1369 626 1581 714 Iordanns‘),

350 735 479 803 Birtius
489 734 530 822 ὅ),
555 735 669 802 Keller
678 733 720 821 ⁰),
754 735 794 802 de
826 735 962 818 quorum
995 735 1204 819 opinionibus
1238 735 1379 818 emplius
1410 734 1582 818 disputare

350 843 412 910 hoc
435 844 507 910 loco
530 842 739 926 supersedeo.

441 950 597 1032 Sequitur
623 955 662 1017 ut
686 949 726 1016 de
749 949 806 1017 via
839 969 935 1033 quem
959 951 994 1018 in
1025 950 1154 1017 ratione
1184 961 1355 1032 poetarum
1387 948 1582 1016 disserenda

350 1055 424 1142 inii,
455 1056 615 1124 nonnulla
645 1056 774 1124 addam.
821 1057 959 1140 primum
991 1057 1135 1141 quidem,
1166 1076 1209 1124 ue
1239 1056 1380 1124 materie
1409 1057 1579 1140 obruerer,

350 1182 461 1231 eorum
489 1168 618 1231 tentum
645 1168 818 1246 poetarum
842 1164 898 1247 qui
922 1165 1022 1231 heroo
1045 1163 1095 1231 usi
1119 1169 1196 1231 sunt
1221 1182 1331 1248 versu,
1363 1181 1464 1246 opera
1487 1168 1580 1230 trac-

350 1271 436 1354 tavi,
475 1289 514 1337 ac
550 1289 592 1337 ne
624 1288 733 1338 eorum
764 1270 892 1352 quidem
932 1271 1087 1354 omnium,
1129 1271 1189 1338 sed
1220 1289 1329 1338 eorum
1361 1275 1490 1337 tantum
1526 1270 1581 1352 qui

350 1378 428 1444 inde
466 1396 487 1444 a
523 1383 618 1446 sexto
655 1377 746 1444 urbis
786 1378 919 1445 saeculo
954 1397 1058 1460 nsque
1091 1378 1133 1444 ed
1167 1377 1278 1445 octavi
1307 1377 1404 1444 finem
1434 1375 1579 1444 fuerunt.

351 1503 415 1552 non
440 1489 551 1552 tamen
575 1484 745 1552 scaenicos
774 1485 961 1570 lyricosque
992 1485 1214 1570 neglegendos
1245 1503 1317 1552 esse
1346 1484 1478 1568 putavi,
1509 1503 1580 1551 cum

349 1592 404 1659 hio
427 1592 494 1659 illic
518 1611 631 1659 eorum
653 1591 784 1659 ratione
807 1593 941 1678 cognita
965 1592 1090 1660 rectius
1114 1594 1154 1660 de
1177 1592 1381 1660 heroicorum
1409 1598 1580 1674 poetarum

350 1718 473 1784 genere
503 1699 633 1768 dicendi
664 1700 892 1783 nominumque
916 1701 1117 1769 Graecorum
1142 1700 1274 1767 ratione
1297 1698 1461 1783 disputari
1485 1717 1581 1782 posse

228 1890 230 1894 ι
349 1807 587 1892 intellegerem.
628 1807 741 1890 itaque
766 1813 801 1874 et
820 1807 911 1875 Enni
927 1807 1034 1874 Lucili
1050 1807 1210 1875 Varronis
1228 1806 1397 1874 Ciceronis
1421 1807 1580 1888 reliquias

351 1919 386 1980 et
415 1913 551 1982 Lucreti
583 1915 706 1982 Catulli
729 1915 856 2000 Vergili
887 1915 1009 1982 Horati
1039 1915 1162 1982 Tibulli
1193 1914 1373 2001 (Lygdami
1397 1913 1579 2000 Sulpiciae)

351 2021 506 2106 Properti
547 2021 645 2089 Ovidi
686 2041 786 2105 opera
821 2028 1052 2105 perscrutatus
1086 2022 1261 2089 Plautinas
1297 2021 1579 2103 Terentianasque

351 2126 484 2197 fabulas
514 2128 660 2196 adhibui.
706 2128 794 2197 viem
828 2136 937 2197 autem
969 2129 1151 2197 disserendi
1181 2131 1268 2196 hanc
1297 2129 1465 2213 ingressus
1498 2147 1579 2210 sum,

350 2241 389 2303 ut
411 2238 549 2319 primum
574 2254 706 2320 agerem
731 2236 771 2302 de
788 2236 862 2319 ipsa
877 2237 1027 2317 materia,
1053 2236 1158 2320 qualis
1174 2242 1327 2303 exstaret
1343 2236 1430 2318 apud
1456 2239 1579 2318 poetas,

352 2351 419 2411 tum
436 2344 476 2411 de
494 2344 604 2411 causis
620 2344 737 2427 quibus
753 2349 872 2427 poetae
892 2351 929 2412 ut
946 2347 1092 2414 Graecas
1107 2345 1304 2412 adhiberent
1316 2343 1579 2427 terminationes,

353 2451 506 2517 commoti
529 2459 653 2533 essent,
679 2451 796 2518 deinde
821 2457 858 2517 ut
882 2470 1085 2534 quaererem,
1110 2451 1269 2533 quomodo
1287 2450 1391 2535 magis
1407 2450 1580 2534 magisque

351 2557 386 2624 in
417 2564 588 2642 poetarum
620 2556 814 2624 Latinorum
847 2558 1062 2626 elocutionem
1092 2547 1220 2625 flosculi
1249 2557 1298 2624 illi
1330 2577 1348 2624 e
1378 2557 1580 2624 Graecorum

352 2683 501 2732 sermone
525 2664 710 2748 deprompti
732 2663 944 2733 intraverint.

444 2896 464 2967 ¹)
485 2895 660 2968 Quumtionea
684 2896 865 2968 Vergilioque.
903 2897 1021 2968 (Vergili
1039 2913 1121 2966 opero
1139 2898 1234 2952 namet.
1254 2897 1311 2952 lect.
1331 2901 1357 2951 et
1369 2900 1472 2965 perpet.
1486 2895 1578 2950 adnot.

351 2985 494 3040 iuuslrula
512 3001 537 3040 α.
567 2984 594 3040 0.
610 2985 643 3041 G.
658 2985 762 3056 Heyrre,
783 2985 848 3055 Lpa.
864 2991 1004 3041 1830-41
1023 3003 1079 3042 cur.
1100 2987 1151 3042 Ple.
1170 2986 1297 3056 Wagner.
1322 2987 1373 3040 ool.
1384 2985 1402 3040 1
1408 2985 1448 3056 V.)

444 3075 464 3145 ¹)
490 3074 594 3145 Vergili
612 3090 695 3143 opera
712 3092 763 3130 rec.
783 3081 809 3130 et
825 3076 927 3130 illustr.
959 3077 993 3131 A.
1009 3075 1149 3146 Forbiper.
1175 3076 1405 3144 Lps.1872—75.

442 3163 463 3234 ⁸)
488 3164 590 3234 Vergili
615 3179 696 3232 opera
718 3181 770 3220 rec.
803 3165 833 3222 0.
847 3165 970 3222 Ribbeck.
1002 3166 1068 3235 Dpe.
1088 3169 1239 3222 1859—68.
1269 3165 1362 3222 noll.
1389 3165 1582 3236 Prolepomerra

352 3254 457 3310 critica.

443 3341 464 3413 ⁴)
483 3341 623 3397 Kritisclre
644 3341 773 3414 Beilrdpe
795 3359 846 3398 eur
870 3343 1026 3400 Geaclricbte
1050 3345 1099 3400 cler
1124 3343 1301 3398 lateiniecben
1324 3341 1449 3412 sperae.
1488 3343 1581 3398 Berol.

355 3434 433 3486 1879.
458 3432 554 3500 euml.

444 3519 937 3592 ⁵)Mua.1lben.tom.34p.13qq.

444 3609 466 3677 ⁶)
485 3610 678 3682 Epilepomena
696 3628 731 3666 au
749 3611 852 3668 Horae.
886 3612 977 3680 Labe.
992 3615 1141 3668 1879-80.
