3452 5314
927 393 971 457 42

335 630 407 676 cum
431 633 503 676 -eus
534 609 568 675 in
596 609 681 675 thesi
710 608 818 675 ultimi
848 607 942 690 pedis
972 627 1085 675 versus
1114 608 1340 674 antecedentis
1368 607 1568 674 collocatum

334 718 471 782 eandem
503 715 804 797 pronuntiationem
839 714 994 796 postulet.
1049 715 1201 796 Accedit,
1238 716 1324 794 quod
1358 733 1423 779 non
1458 714 1566 779 solum

334 823 499 888 nominum
533 824 658 906 Tydeus
687 828 719 888 et
742 822 903 906 Hypserrs,
936 822 976 887 de
1004 822 1122 902 quibus
1153 821 1204 887 515
1235 821 1318 888 15515
1347 821 1474 904 agitur,
1507 822 1567 887 sed

334 931 434 997 etiam
465 930 640 996 multorum
671 930 811 995 aliorum
841 929 1031 995 terminatio
1062 929 1155 995 arsin
1182 929 1303 1011 explet,
1336 947 1399 1009 quo
1427 929 1500 994 loco
1524 929 1566 993 de

333 1036 562 1120 monosyllaba
585 1036 855 1119 pronuntiatione
879 1036 1042 1102 dubitatio
1066 1055 1138 1102 esse
1162 1037 1254 1102 nulla
1277 1042 1402 1118 potest:

425 1147 552 1229 Tydeus
579 1145 597 1209 Ι
620 1145 696 1226 402,
725 1143 762 1208 II
787 1145 860 1226 176,
882 1145 957 1227 587,
975 1145 1050 1226 696,
1075 1144 1123 1211 IV
1146 1145 1199 1224 94,
1222 1144 1297 1226 662,
1322 1144 1369 1211 Vl
1393 1145 1468 1222 813,
1487 1143 1564 1225 876,

332 1254 407 1335 886,
425 1253 500 1334 966,
525 1253 681 1331 V11538,
707 1252 791 1319 VIII
814 1253 890 1332 472,
910 1252 983 1334 751,
1007 1252 1059 1317 IX
1083 1252 1147 1317 299
1178 1251 1329 1334 Hypseus
1352 1251 1405 1316 IX
1429 1250 1495 1316 546
1518 1287 1564 1297 -

423 1360 546 1426 Alaeus
569 1359 637 1424 XII
662 1360 726 1424 622
758 1359 918 1424 Briareus
941 1358 977 1424 Il
1000 1359 1064 1424 596
1099 1358 1267 1442 (inponens
1290 1359 1307 1424 I
1331 1358 1384 1440 45,
1409 1358 1462 1423 ΠΙ
1486 1358 1563 1439 598,

332 1469 407 1548 648,
432 1467 480 1535 lV
506 1467 579 1548 166,
604 1469 634 1534 V
654 1466 730 1548 566,
747 1466 822 1548 686,
845 1467 921 1548 664,
945 1467 992 1533 VI
1018 1467 1091 1548 732,
1111 1467 1184 1548 747,
1204 1467 1277 1548 784,
1302 1466 1368 1533 VII
1392 1465 1466 1546 669,
1486 1465 1563 1547 675,

332 1574 416 1643 VIII
441 1576 519 1657 746,
551 1574 602 1639 IX
625 1574 701 1656 547,
722 1573 797 1652 565,
829 1574 863 1638 Χ
886 1575 938 1654 32,
962 1574 1035 1652 258,
1058 1575 1134 1656 482,
1152 1574 1226 1655 739,
1249 1575 1323 1656 828,
1349 1573 1423 1655 898,
1454 1572 1507 1638 XI
1531 1573 1562 1654 2,

332 1682 384 1764 76,
403 1683 477 1763 249,
507 1681 576 1746 XII
602 1682 666 1748 766
701 1680 843 1747 Dorceus
867 1682 917 1746 IX
941 1681 1005 1746 869
1041 1681 1213 1765 Meporeus
1235 1681 1266 1745 X
1292 1681 1355 1745 491
1393 1679 1563 1745 Melaneus

331 1788 397 1856 VII
422 1789 486 1853 755
517 1788 686 1870 Panopeus
714 1787 748 1852 X
771 1789 836 1853 497
869 1788 1011 1854 Pbr'uerrs
1033 1787 1117 1855 VIII
1139 1787 1203 1854 255
1237 1789 1376 1854 Theseus
1398 1786 1482 1854 VIII
1507 1786 1561 1868 54,

330 1895 399 1960 XII
416 1896 498 1977 778,
524 1896 597 1960 784.

419 2003 488 2068 Nec
512 2001 611 2068 aliter
639 2002 690 2068 his
716 2001 902 2067 nominibus
926 2001 1052 2068 Statius
1081 2021 1159 2068 usus
1184 2007 1234 2067 est
1257 2002 1291 2067 in
1315 1999 1558 2080 Achilleide,

330 2110 454 2190 inqua
484 2109 668 2175 invenimus
691 2110 856 2193 syllabam
888 2132 958 2176 -555
988 2109 1024 2174 15
1054 2109 1135 2174 555;
1170 2107 1348 2192 Caphereus
1371 2108 1389 2174 I
1411 2108 1465 2190 93,
1483 2107 1559 2189 456,

330 2223 388 2282 551
417 2216 452 2282 15
480 2216 565 2282 arsi:
600 2216 713 2282 Peleus
736 2217 753 2282 I
777 2217 843 2281 440
875 2217 1003 2300 Tydeus
1026 2216 1044 2282 I
1068 2217 1142 2296 733,
1177 2221 1235 2282 551
1264 2216 1299 2281 in
1327 2215 1412 2280 thesi
1441 2233 1560 2281 versus

330 2323 525 2390 consonanti
548 2332 705 2404 sequente
725 2324 884 2405 positum:
917 2325 1030 2390 Peleus
1054 2324 1161 2405 1898,
1187 2342 1283 2405 quem
1306 2323 1413 2388 locum
1429 2321 1560 2391 Birtius

331 2432 365 2497 15
396 2431 439 2498 115
470 2431 577 2496 tribus
606 2437 776 2497 enumerat
787 2431 821 2515 l),
853 2451 934 2512 quos
964 2432 1036 2512 ipse
1067 2431 1217 2497 concedit
1247 2433 1380 2496 obstare
1410 2429 1560 2512 opInioni

330 2538 372 2620 ei,
405 2557 502 2618 quam
532 2538 725 2620 pronuntiat
736 2537 761 2624 1)
791 2539 842 2604 his
867 2539 995 2605 verbis:
1030 2539 1113 2622 ,Die
1137 2538 1275 2604 Dichter
1304 2538 1456 2603 machten
1487 2535 1558 2602 sich

329 2665 402 2711 zum
420 2647 548 2728 Gesetz,
576 2645 654 2710 ialls
678 2646 727 2710 sie
751 2647 785 2710 in
809 2646 936 2712 Namen
960 2645 1025 2712 wie
1050 2646 1187 2712 Theseus
1211 2645 1274 2711 den
1296 2643 1474 2713 Versilxtus
1499 2643 1560 2709 auf

330 2753 383 2818 die
399 2759 485 2818 erste
502 2752 593 2819 Silbe
608 2753 729 2834 legten,
748 2751 888 2819 alsdann
904 2753 965 2818 551
980 2751 1090 2819 551555
1103 2753 1231 2818 5155155
1247 2757 1446 2831 consequent
1462 2751 1558 2816 einen

328 2860 433 2927 Vocal
464 2859 578 2942 folgen
609 2879 650 2925 zu
677 2859 819 2926 lassen“.
867 2860 949 2926 Tres
980 2866 1108 2926 tantum
1136 2878 1251 2926 versus
1283 2878 1363 2941 esse,
1396 2858 1453 2939 qui
1481 2858 1559 2924 huic

328 2967 397 3050 legi
421 2969 562 3048 obstent,
587 2985 761 3048 perperam
784 2967 928 3033 Birtium
952 2967 1084 3049 opinari
1108 2965 1233 3052 1111153)
1257 2965 1451 3032 videbimus,

418 3083 623 3149 Martialis
655 3102 782 3165 quoque
809 3103 938 3167 semper
965 3084 1198 3151 termInatione
1221 3106 1292 3152 -eus
1320 3085 1369 3151 ita
1397 3102 1475 3149 usus
1499 3089 1557 3165 est,

329 3197 366 3256 51
403 3209 469 3256 555
507 3189 639 3274 syllaba
685 3189 881 3257 efficeretur.
944 3191 984 3256 In
1023 3191 1093 3257 eius
1140 3191 1389 3274 epigrammatm
1428 3209 1558 3257 versum

328 3298 495 3364 herolcum
519 3297 690 3363 claudunt:
723 3297 927 3365 Prometheus
951 3299 1054 3382 epigr.
1081 3300 1162 3382 7,1;
1191 3299 1272 3366 XIV
1296 3299 1401 3380 182,1
1436 3298 1558 3364 Nereus

330 3405 433 3488 epigr.
460 3406 512 3487 28,
532 3406 550 3468 7
585 3404 728 3488 Orpheos
752 3407 802 3472 XI
826 3406 950 3488 84,11,
982 3406 1074 3473 51515
1098 3406 1280 3472 hexametri
1311 3405 1422 3488 explet
1446 3403 1557 3471 termi-

328 3513 419 3579 natio
444 3513 586 3578 nominis
617 3513 774 3607 Esuriens
803 3512 853 3578 XI
877 3513 1001 3596 84,11,
1033 3513 1068 3578 15
1100 3513 1186 3579 15551
1209 3513 1320 3595 posits
1352 3518 1403 3578 est
1432 3512 1556 3578 senarii

329 3621 452 3686 Nereus
475 3621 508 3686 X
532 3620 584 3701 30,
601 3619 685 3706 19⁴),
710 3620 876 3702 phalaecii
893 3622 1011 3688 Atreus
1034 3620 1085 3686 XI
1101 3621 1154 3704 31,
1170 3619 1232 3706 1⁵),
1257 3623 1315 3687 sed
1330 3628 1469 3702 utroque
1485 3619 1556 3687 loco

328 3745 445 3794 nomen
468 3728 643 3808 insequens
667 3748 688 3794 a
712 3728 907 3794 consonanti
931 3728 1058 3810 incipit.

418 3843 624 3911 Iuvenalis
663 3845 802 3925 denique
838 3843 1024 3910 nominibus
1063 3845 1098 3911 in
1129 3844 1195 3910 fine
1230 3863 1345 3912 versus
1384 3843 1557 3911 collocatis

328 3971 406 4018 usus
430 3957 480 4017 est
503 3951 557 4016 515
580 3951 679 4017 locis:

418 4059 536 4125 Atreus
548 4058 613 4127 VII
628 4061 669 4124 73
685 4059 870 4126 Monaesum
883 4059 964 4127 XIV
977 4060 1042 4126 240
1058 4059 1262 4126 Ρνο15515555
1277 4060 1325 4127 IV
1340 4059 1413 4139 133,
1428 4059 1491 4126 XV
1504 4058 1554 4124 85.

418 4166 525 4232 Semel
549 4166 712 4250 syllabam
736 4188 807 4233 -ens
829 4167 865 4232 in
889 4166 958 4233 arsi
981 4167 1121 4234 locavit:
1155 4167 1188 4232 X
1212 4166 1277 4232 256
1307 4166 1432 4234 Peleus.

420 4345 438 4412 ι)
458 4343 528 4398 Mus.
541 4343 628 4398 Rhen.
649 4343 701 4396 LII
720 4343 812 4412 Suppl.
832 4360 858 4412 p.
873 4346 914 4400 16.

418 4434 438 4500 ¹)
458 4433 560 4488 Eodem
579 4433 638 4488 loco
657 4450 682 4502 p.
699 4434 739 4488 14.
760 4465 793 4472 -
813 4433 855 4489 61.
876 4434 1059 4489 8111555115
1078 4434 1095 4487 1.
1110 4449 1131 4490 o.
1151 4451 1176 4503 p.
1192 4435 1233 4490 13.

419 4523 440 4591 8)
460 4523 492 4579 P.
511 4524 546 4577 44
567 4529 623 4579 not.
639 4525 663 4578 1.

418 4613 438 4682 ⁴)
459 4612 550 4681 Birt,
570 4613 639 4669 Mus.
653 4613 739 4670 Rhen.
759 4613 877 4668 XXXIV
896 4629 920 4682 p.
934 4615 977 4669 32.

419 4703 439 4772 1)
459 4701 548 4772 Birt,
567 4703 636 4758 Mus.
651 4703 736 4758 Rhen.
758 4702 810 4758 nn
828 4703 920 4772 Suppl.
940 4719 965 4772 p.
981 4705 1022 4760 11.
