3452 5316
199 609 325 696 λέγεται
364 611 457 699 περί
491 637 531 678 τε
565 615 633 699 τῆς
671 639 740 678 πο-

199 720 312 807 ρείας
346 719 402 785 καὶ
436 719 612 808 πολλαχῆ
640 717 741 804 λέγων

199 823 244 892 ού
277 824 402 892 ταύτὰ
432 831 610 915 πανταχῆ
644 825 739 912 λέγει.

198 930 296 1000 ’Λλλά
320 937 377 998 νῦν
399 931 460 1016 μὲν
490 931 509 998 δ
533 933 568 1000 ἐν
593 935 739 1001 Φαίδωνι

204 1039 382 1130 Σωκράτης
411 1037 492 1106 αύιύ
524 1037 565 1106 τύ
595 1039 739 1129 αἱσδη-

200 1145 267 1212 τύν
305 1145 410 1212 ἅπαν
448 1144 645 1232 ἀτιμάσας
685 1149 740 1215 καὶ

199 1253 268 1343 τὴν
305 1251 404 1341 πρὸς
447 1252 490 1320 τύ
537 1259 646 1340 σῶμα
683 1260 742 1344 τῆς

200 1366 311 1450 ’ψυχῆς
340 1361 551 1428 κοινωνίαν
583 1360 741 1448 μεμψά-

200 1493 331 1552 μενος,
362 1467 407 1545 ιύς
434 1470 566 1555 δεσμῷ
593 1496 659 1536 τινι
686 1471 742 1536 καὶ

200 1569 271 1642 οἷον
306 1575 340 1642 ἕν
375 1573 497 1664 σήματι
533 1581 579 1662 τῷ
613 1574 741 1661 σώματι

201 1681 417 1770 θαπτομὲνην
446 1681 505 1772 τήν
536 1681 646 1774 ψυχὴν
669 1685 741 1750 σ’λο-

200 1789 343 1880 φύρεται
373 1791 437 1858 καί
461 1789 527 1857 τὸν
551 1790 591 1857 ἐν
619 1789 740 1881 ἀπορί-

201 1896 336 1986 ῥητσις
363 1897 476 1984 λόγον
504 1895 742 1982 ἀποθαυμάζει

200 2003 335 2089 λέγοντα
351 2003 395 2082 ιύς
418 2003 458 2072 ἔν
480 2031 546 2073 τινι
570 2012 739 2096 φρουρᾷ,

201 2110 316 2200 ἐπειδὴ
355 2111 565 2201 α’φικόμείλα,
611 2111 741 2198 χεχὸνα·

201 2239 278 2303 μεν·
306 2221 361 2286 καὶ
384 2217 473 2286 τάδε
496 2219 539 2285 τύ
562 2224 639 2286 πᾶν
662 2219 741 2304 Ἐμ-

201 2327 394 2416 πεδσκλῆς
422 2327 484 2412 μὲν
513 2324 654 2417 άντρον
684 2353 741 2394 πε·

201 2433 353 2520 ποίηκεν·
411 2434 446 2500 ἐν
492 2435 653 2524 Πολιτείᾳ
705 2435 742 2502 δὲ

202 2539 346 2608 Πλάτων
390 2539 604 2628 μεταβάλλων
654 2540 742 2631 σπη-

202 2649 297 2715 λαιον
331 2646 501 2733 ὀνομάζει,
538 2647 652 2733 άμέλει
686 2651 741 2715 καὶ

199 2759 275 2822 τῶν
295 2757 448 2841 δεσμῶν
471 2755 584 2824 λύσιν
607 2758 742 2824 καὶτοῦ

202 2862 368 2951 σπηλαίου
403 2861 510 2954 φυγὴν
539 2861 599 2953 τὴν
635 2863 741 2931 ἐντεῦ-

200 2977 264 3036 θεν
287 2974 345 3059 τῆς
369 2975 480 3060 ψυχῆς
503 2969 567 3061 ἔφη
591 2970 741 3060 πορείαν.

193 3073 329 3144 ’Ἀλλοτε
360 3077 397 3145 δὲ
427 3078 445 3144 ὁ
474 3083 534 3145 τοῦ
564 3078 742 3168 Φαίδρου

201 3182 378 3273 Σωκράτης
399 3182 460 3262 τὰς
481 3185 659 3263 κατιούσας
678 3205 742 3274 Ψυ-

201 3289 263 3375 χάς
285 3297 351 3358 τῶν
373 3297 503 3383 πτερῶν
533 3291 743 3382 εἠυιλωμὲνας

201 3401 286 3488 φησί
309 3407 453 3486 θεωρεῖν
476 3451 484 3468 .
510 3452 518 3469 .
544 3453 551 3468 .
580 3402 636 3468 καὶ
659 3399 742 3489 αὕτη

201 3511 260 3594 τῆς
276 3503 453 3596 α’φίξεως
469 3506 594 3576 αἰτία·
611 3509 743 3576 καὶπε-

202 3613 334 3702 ρίοδοι
355 3612 475 3680 πάλιν
493 3611 744 3682 άνελίλούσαν

202 3719 304 3809 αὐτην
327 3713 430 3798 αὖθις
457 3725 550 3810 τῇδε
576 3722 743 3813 φέρουσι

201 3829 258 3895 καὶ
287 3828 419 3916 κρίσει
449 3830 504 3896 καὶ
528 3830 601 3917 δίκη
625 3855 744 3896 κατα-

202 3934 448 4019 πέμπουσιν·
474 3935 557 4002 άλλὰ
578 3938 632 4004 καὶ
656 3938 743 4027 κλῆ-

202 4067 265 4131 ροι
289 4043 343 4109 καὶ
364 4041 479 4124 τύχαι
502 4045 556 4111 καὶ
578 4041 744 4128 άνάχκαι

202 4149 432 4219 καθέλκουσιν.
490 4149 583 4217 Οὕτω
618 4147 749 4217 παντα-Ι

203 4261 264 4337 χοῦ
279 4255 338 4344 τὴν
361 4255 459 4346 πρὸς
481 4257 524 4324 τύ
545 4263 654 4343 σῶμα
676 4263 745 4347 τῆς

205 4369 332 4455 ψυχῆς
362 4363 509 4432 κάθοδον
532 4363 743 4452 μεμψάμε-

204 4497 282 4550 νος,
327 4471 385 4537 τὸν
427 4473 595 4557 Τίμαιον
635 4496 743 4540 συντι-

205 4580 280 4657 δελς
341 4578 626 4666 μεταβαλλόμενος
685 4578 744 4670 τὴν

839 611 933 698 περί
978 636 1020 676 τε
1059 609 1234 698 ἀφίξεως
1280 607 1381 699 αὐτῆς

839 720 1017 806 πολλαχῆ
1063 721 1191 807 εἴρηκεν
1234 716 1268 784 ἐν
1310 723 1382 794 τοῖς

839 824 942 892 αὑτοῦ
974 823 1091 910 λύγοις,
1216 823 1259 892 ού
1288 823 1380 892 ταύ-

838 931 904 998 τὸν
943 932 1042 1017 λέμου
1081 935 1232 1020 πανταχῆ
1266 938 1381 1020 φανεῖ-

841 1065 905 1118 ται,
931 1093 987 1108 ...
1012 1036 1096 1106 α’λλά
1119 1037 1162 1104 τύ
1185 1037 1381 1127 αἰσθητὸν

840 1153 921 1213 πᾶν
966 1151 1136 1228 πανταχοῦ
1182 1144 1381 1230 άτιμάσας

840 1255 904 1322 καὶ
947 1251 1015 1342 τὴν
1053 1251 1151 1342 πρύς
1189 1252 1231 1318 τύ
1271 1258 1381 1337 σῶμα

840 1361 1048 1429 κοινωνίαν
1084 1358 1305 1449 μεμψάμενος
1345 1359 1379 1426 ἕν

841 1471 972 1554 δεσμῷ
1007 1493 1043 1534 τε
1074 1461 1159 1534 εἶναι
1193 1469 1248 1535 καὶ
1277 1466 1380 1534 τεδά·

841 1581 933 1664 φθαι
957 1575 991 1641 ἐν
1011 1571 1101 1661 αύτῷ
1119 1573 1178 1663 την
1200 1573 1310 1664 ψυχὴν
1331 1573 1382 1642 λε’·

840 1706 888 1768 γει
905 1683 969 1749 καὶ
992 1679 1058 1749 τὸν
1077 1680 1117 1750 ἐν
1140 1680 1382 1771 ἀπορρήτοις

840 1787 1014 1875 λεγόμενον
1034 1787 1147 1874 λόγον
1166 1789 1269 1875 με’χαν
1284 1781 1381 1866 εἶναι,
1457 1789 1465 1810 “

842 1896 878 1974 ίίς
913 1897 952 1963 ἐν
986 1901 1144 1987 φρουρᾷ
1177 1895 1236 1985 τὴν
1273 1895 1382 1985 ψυχήν

842 2029 944 2094 φησιν
960 1998 1062 2070 εἶναι·
1087 2002 1195 2072 καὶτὸ
1219 2003 1382 2094 σπηλαιον

841 2109 946 2198 αύτῷ,
982 2107 1094 2200 ὥσπερ
1128 2110 1384 2196 Ἐμπεδοκλεῖ

840 2218 878 2285 τὸ
912 2216 1070 2307 άντρον,
1108 2217 1198 2285 τόδε
1232 2217 1274 2284 τὸ
1304 2223 1382 2284 πᾶν

841 2329 933 2394 δοκεῖ
968 2351 1026 2411 μοι
1065 2325 1184 2411 λε’χειν,
1223 2323 1309 2392 ὅπου
1347 2349 1382 2411 χε

840 2433 963 2502 λύσιν
1007 2439 1081 2500 τῶν
1127 2436 1281 2518 δεσμῶν
1326 2434 1381 2499 καὶ

841 2537 960 2610 άνοδον
990 2540 1025 2607 ἐκ
1056 2545 1116 2608 τοῦ
1146 2540 1312 2629 σπηλαίου
1341 2544 1381 2628 τῇ

842 2653 933 2737 ψυχῇ
963 2673 1066 2738 φησιν
1095 2642 1180 2716 εἶναι
1210 2645 1269 2738 τὴν
1296 2646 1382 2736 πρὸς

840 2754 879 2822 τὸ
902 2754 1019 2844 νοητύν
1042 2757 1190 2844 πορείαν.

842 3078 877 3146 ἐν
900 3077 937 3145 δὲ
959 3077 1117 3167 Φαίδρῳ
1140 3075 1383 3168 πτερορῤύησιν

841 3184 952 3252 αἰτίαν
975 3189 1033 3274 τῆς
1049 3184 1198 3252 ἐνταῦθα
1220 3180 1381 3274 α’φίξεως·

840 3295 896 3360 καὶ
931 3293 1114 3381 περίοδοι
1147 3289 1238 3377 αύτῷ
1272 3290 1383 3359 άνελ-

842 3404 995 3468 ἑλοῦσαν
1048 3399 1167 3467 πάλιν
1213 3398 1382 3488 φέρουσι

841 3510 934 3595 τῇδε
969 3509 1025 3574 καί
1064 3507 1216 3596 κρίσεις
1251 3507 1289 3573 δὲ
1318 3531 1384 3573 κα·

842 3613 1121 3699 ταπὲμπουσιν
1144 3611 1246 3691 άλλας
1269 3613 1382 3680 ἐνταῦ-

841 3730 892 3790 θα
921 3723 976 3788 καὶ
1008 3723 1147 3810 κλῆροι
1181 3722 1236 3788 καὶ
1267 3719 1383 3802 τύχαι

842 3830 898 3896 καί
921 3826 1095 3914 ἀνάγκαι.

843 4152 898 4218 καὶ
929 4149 963 4216 ἐν
990 4149 1121 4228 τούτοις
1148 4148 1256 4216 ἅπασι
1285 4173 1383 4234 μεμ-

845 4256 1022 4346 ψάμενος·
1059 4255 1117 4347 την
1152 4259 1219 4345 τῆς
1256 4259 1384 4345 ψυχῆς

843 4361 959 4454 ἄφιξιν
983 4362 1082 4455 πρὸς
1106 4367 1230 4449 σῶμα,
1259 4362 1293 4429 ἐν
1319 4363 1383 4430 Τι-

842 4471 945 4558 μαίῳ
978 4473 1056 4561 περί
1086 4473 1184 4538 τοῦδε
1213 4475 1272 4536 τοῦ
1300 4495 1385 4536 παν-

842 4578 899 4657 τὸς
938 4579 1038 4665 λέγων
1072 4577 1129 4644 σύν
1166 4603 1202 4645 τε
1236 4576 1384 4663 κόσμον
