3496 5310
749 434 792 501 3⁷

158 651 321 735 Vergilius
352 651 515 718 Graecam
549 650 814 717 terminationem
848 649 1011 731 servavit,
1047 667 1131 731 qnae
1164 648 1218 717 vel
1251 674 1297 736 -η
1330 649 1384 716 vel

157 784 220 847 -ην
250 777 323 824 esse
352 759 469 841 potuit.
525 778 622 824 unum
657 759 839 840 exemplum
873 763 997 824 certum
1030 761 1142 823 exstat
1172 755 1206 822 in
1238 755 1385 823 Aeneide

156 866 199 948 (X
223 865 316 952 tom:
351 867 536 948 &culhem
573 867 613 933 de
648 866 755 932 altero
791 865 908 947 quaeri
943 864 1051 931 debet.
1108 883 1182 930 nam
1218 863 1252 930 in
1286 882 1387 931 versu

156 973 204 1040 XI
228 973 294 1040 243
318 973 447 1040 codices
470 973 599 1056 quidem
625 974 801 1057 praebent:

347 1078 497 1148 ‘vidimus
520 1104 538 1149 o
561 1084 641 1148 cives
664 1082 838 1148 Diomedem
861 1080 1040 1165 Arpinique
1063 1075 1190 1159 cased,

155 1189 212 1255 sed
225 1192 284 1255 ant
296 1189 447 1256 Diomede
463 1196 522 1256 aut
532 1190 717 1256 Diomedem
734 1188 842 1255 forma
859 1207 941 1271 opus
959 1193 1021 1270 est,
1038 1193 1075 1254 ut
1091 1187 1187 1254 metri
1204 1186 1290 1253 ratio
1307 1192 1384 1254 stet.

155 1297 356 1364 Ribbeckius
392 1298 521 1378 quidem
557 1303 688 1380 poetam
724 1315 856 1363 versum
891 1295 939 1362 sic
973 1294 1145 1376 reliquisse
1184 1293 1385 1376 suspicatur.

155 1405 239 1486 qnod
272 1423 342 1471 cum
374 1405 445 1471 fleri
476 1404 534 1472 vix
567 1405 727 1488 potuerit,
762 1404 1010 1470 deliberandum
1043 1421 1116 1469 esse
1148 1409 1242 1486 puto,
1276 1407 1386 1468 utram

155 1510 292 1580 formam
311 1512 493 1596 Vergilium
514 1512 664 1595 posuisse
680 1511 892 1579 verisimilius
909 1511 964 1578 sit.
997 1509 1221 1577 Macrobius
1238 1507 1384 1596 (Saturn.

154 1621 170 1686 I
193 1623 224 1686 7.
243 1621 290 1702 19)
312 1621 464 1688 Diomede
486 1621 635 1688 vindicat
651 1619 815 1704 Vergilio:
839 1615 1011 1698 ‘Diomede
1035 1626 1070 1685 id
1094 1619 1208 1684 talium
1225 1619 1386 1684 mmimum

154 1731 352 1796 mmsoiivms
378 1728 520 1796 Graecos
550 1736 594 1796 esi
624 1731 659 1794 im
688 1751 705 1794 e
734 1730 888 1795 desinerm.
934 1749 1011 1792 mom
1040 1728 1070 1792 si
1100 1728 1172 1810 quis
1202 1747 1272 1792 emm
1294 1733 1387 1808 putul

155 1837 251 1904 latiae
279 1838 400 1904 dixisse
431 1836 619 1918 Diomeden,
655 1837 782 1904 sedilus
811 1837 902 1902 melei
931 1836 966 1900 im
1002 1856 1095 1901 ocrea
1133 1829 1386 1900 desiderabitur?

154 1963 193 2010 ex
226 1945 340 2011 eodem
373 1943 466 2010 fonte
498 1949 599 2026 atque
631 1944 819 2011 Macrobius
851 1944 934 2008 haec
967 1941 1065 2008 affert
1098 1941 1277 2009 Servius:
1317 1936 1386 2008 ‘omi

154 2051 335 2119 Diomedem
371 2053 532 2136 leperedem
566 2104 573 2118 .
608 2105 614 2118 .
647 2103 654 2118 .
691 2060 747 2120 um
778 2053 809 2118 si
842 2049 999 2118 &meum
1033 2051 1248 2116 accusativum
1275 2049 1388 2132 faeere

154 2161 353 2240 voluerimus,
378 2159 530 2227 Dimmede
553 2161 693 2246 lepamus
721 2211 728 2226 .
755 2213 761 2226 .
788 2212 794 2225 .
827 2160 857 2226 si
880 2165 982 2225 aciem
1005 2157 1179 2223 Diomedem
1201 2158 1385 2236 discriteus,

153 2289 208 2335 mec
231 2268 382 2336 &limam
413 2276 458 2335 cst
487 2289 542 2334 mee
567 2267 725 2335 &eccum
754 2288 810 2334 mec
838 2288 949 2334 uersus
973 2267 1056 2332 ratio
1079 2265 1228 2332 comsislil.
1275 2265 1387 2331 meelims

154 2383 198 2442 ed
220 2383 257 2442 ul
278 2375 431 2442 Diomede
453 2371 613 2462 lepamms‘.
661 2382 754 2442 errat
778 2374 912 2442 Servius
935 2374 1109 2440 Diomedem
1131 2373 1295 2440 Graecum
1321 2390 1386 2438 non

154 2501 227 2549 esse
262 2490 363 2550 ratus.
417 2483 648 2549 Lachmannns
689 2488 781 2550 recte
819 2481 898 2548 milri
932 2480 1095 2547 iudicasse
1132 2479 1277 2562 videtur,
1314 2497 1386 2546 cum

153 2591 338 2658 Diomedem
353 2592 474 2672 probat
498 2590 553 2677 (ad
569 2591 701 2657 Lucret.
719 2591 736 2656 Ι
753 2591 842 2676 739).
876 2608 949 2655 nam
971 2588 1035 2655 nisi
1052 2587 1220 2671 Vergilius
1244 2587 1386 2654 alteram

155 2696 296 2764 formam
321 2697 483 2765 Graecam
508 2699 616 2765 vitare
639 2698 813 2780 voluisset,
845 2697 923 2779 quia
947 2695 1087 2763 maxime
1111 2695 1222 2762 aliena
1246 2699 1320 2761 erat
1343 2697 1386 2760 ab

154 2806 304 2873 oratione
328 2806 466 2888 Latina,
498 2807 646 2873 Euemhe
669 2823 795 2888 quoqne
819 2804 929 2871 dicere
953 2803 1063 2886 potnit
1089 2803 1137 2890 (X
1161 2803 1256 2890 702),
1287 2822 1386 2886 prae-

154 2913 268 2980 sertim
293 2931 363 2979 cum
389 2913 510 2980 Graeci
533 2915 664 2996 saepius
689 2939 735 3001 -η
759 2912 903 2979 dixerint
926 2930 1022 2993 quam
1046 2935 1122 2998 -ην,
1169 2932 1220 2977 -em
1247 2911 1280 2976 in
1313 2909 1386 2977 aliis

154 3020 338 3088 nominibus
369 3021 536 3105 Vergilius
568 3021 726 3087 adhibere
759 3040 824 3086 non
856 3019 986 3086 veritus
1018 3023 1071 3085 est
1103 3024 1139 3086 et
1169 3039 1222 3085 -em
1253 3018 1386 3101 propius

152 3129 261 3196 distat
296 3149 317 3196 a
351 3129 586 3196 terminatione
619 3129 742 3195 Latina
781 3149 843 3194 -em
874 3146 971 3209 quarn
1004 3148 1044 3193 -e.
1105 3125 1218 3207 itaque
1252 3129 1385 3208 poetam

153 3237 337 3305 Diomedem
371 3237 545 3319 scripsisse
577 3235 790 3304 verisimilius
822 3235 902 3301 milri
932 3234 1065 3302 videtur
1096 3252 1192 3316 quam
1222 3231 1384 3300 Diomede.

246 3363 276 3428 3.
309 3361 507 3444 Saepissime
521 3361 588 3429 viri
604 3361 693 3428 noeti
709 3361 958 3444 dubitaverunt,
983 3378 1123 3442 quanam
1140 3377 1254 3424 norma
1269 3364 1387 3441 poetae

154 3469 205 3536 usi
239 3469 369 3536 sintin
402 3469 584 3536 nominibus
614 3469 749 3536 deicidis
773 3473 807 3534 et
837 3467 961 3550 Ulixis,
993 3486 1127 3549 quornm
1158 3464 1286 3532 formae
1317 3471 1387 3532 tam

153 3577 272 3643 variae
304 3580 453 3660 exstant,
489 3581 526 3642 ut
559 3576 687 3643 solutae
718 3575 803 3641 omni
836 3575 967 3641 ratione
997 3574 1185 3640 videantur.
1240 3572 1387 3657 genetivi

154 3691 334 3751 occurrunt
350 3685 487 3752 Achillis
503 3685 624 3752 Achilli
638 3683 772 3752 Achillei
794 3682 904 3750 Ulixis
934 3682 1028 3749 Ulisi
1057 3681 1176 3764 Ulicei,
1201 3680 1387 3746 accusativi

153 3793 310 3858 Achillem
333 3791 479 3859 Achillem
508 3792 637 3859 Ulixem
663 3791 790 3858 Uliam.
824 3791 881 3856 sed
907 3789 1054 3872 singulos
1078 3794 1195 3871 poetas
1219 3788 1384 3854 adeamus.

246 3899 450 3982 Vergilius
472 3898 655 3966 Achillem
680 3899 863 3966 declinasse
887 3898 1022 3964 videtur
1045 3896 1221 3962 secundum
1239 3895 1385 3962 codicum

154 4007 377 4075 testimonium
418 4005 470 4073 his
502 4007 599 4073 locis:
642 4007 748 4073 1458
780 4005 920 4084 FMPR‚
954 4004 1006 4070 XI
1034 4005 1099 4070 438
1136 4003 1188 4070 IX
1212 4003 1276 4069 742
1308 4003 1384 4069 MR.

155 4116 332 4182 Diomedes
362 4114 596 4199 grammaticus
632 4115 687 4197 qui
717 4133 849 4181 versum
880 4113 931 4179 XI
954 4112 1020 4178 438
1055 4109 1199 4198 affert¹)‚
1238 4109 1381 4177 Achillem

155 4224 301 4306 scripsit.
349 4223 402 4290 cui
426 4221 614 4289 testimonio
638 4222 734 4289 fidem
759 4241 824 4288 non
849 4239 921 4287 esse
944 4220 1128 4286 habendam
1154 4237 1285 4299 censeo,
1312 4237 1385 4284 cum

156 4349 336 4398 consensus
352 4329 492 4397 omnium
509 4330 619 4397 obstet
636 4329 791 4396 codicum.
823 4327 1014 4412 genetivum
1030 4327 1081 4394 his
1094 4325 1173 4392 locis
1186 4325 1383 4392 invenimus:

155 4439 273 4506 Achilli
296 4439 313 4504 Ι
337 4439 382 4506 30
412 4439 446 4505 Μ
470 4441 516 4506 -is
539 4439 583 4520 R;
615 4438 732 4504 Achilli
754 4439 771 4504 Ι
795 4437 860 4502 475
891 4435 1031 4518 PMFR;
1062 4433 1179 4502 Achilli
1202 4433 1237 4500 II
1261 4434 1326 4500 275
1350 4435 1384 4500 M

158 4585 368 4592 ffl—

246 4653 267 4722 1)
286 4651 355 4709 sn.
375 4651 469 4708 1313.
