<?xml version="1.0" encoding="UTF-8"?>
<!DOCTYPE html PUBLIC "-//W3C//DTD XHTML 1.0 Transitional//EN"
    "http://www.w3.org/TR/xhtml1/DTD/xhtml1-transitional.dtd">
<html xmlns="http://www.w3.org/1999/xhtml" xml:lang="en" lang="en">
 <head>
  <title>
</title>
<meta http-equiv="Content-Type" content="text/html;charset=utf-8" />
  <meta name='ocr-system' content='tesseract 3.04.00' />
  <meta name='ocr-capabilities' content='ocr_page ocr_carea ocr_par ocr_line ocrx_word'/>
</head>
<body>
  <div class='ocr_page' id='page_1' title='image "./deviatqueindole00cohngoog/deviatqueindole00cohngoog_0522.png"; bbox 0 0 3452 5314; ppageno 0'>
   <div class='ocr_carea' id='block_1_1' title="bbox 760 411 841 474">
    <p class='ocr_par' dir='ltr' id='par_1_1' title="bbox 760 411 841 474">
     <span class='ocr_line' id='line_1_1' title="bbox 760 411 841 474; baseline 0 0"><span class='ocrx_word' id='word_1_1' title='bbox 760 411 822 474; x_wconf 76' lang='lat'>107</span> <span class='ocrx_word' id='word_1_2' title='bbox 840 459 841 462; x_wconf 63' lang='lat'>,</span> 
     </span>
    </p>
   </div>
   <div class='ocr_carea' id='block_1_2' title="bbox 178 623 1406 2422">
    <p class='ocr_par' dir='ltr' id='par_1_2' title="bbox 178 623 1404 920">
     <span class='ocr_line' id='line_1_2' title="bbox 269 623 1403 708; baseline 0.001 -19"><span class='ocrx_word' id='word_1_3' title='bbox 269 624 308 690; x_wconf 92' lang='lat' dir='ltr'>ln</span> <span class='ocrx_word' id='word_1_4' title='bbox 333 624 538 691; x_wconf 88' lang='lat' dir='ltr'>luvenalis</span> <span class='ocrx_word' id='word_1_5' title='bbox 566 623 690 690; x_wconf 76' lang='lat' dir='ltr'>saturiS</span> <span class='ocrx_word' id='word_1_6' title='bbox 714 623 856 690; x_wconf 86' lang='lat' dir='ltr'>rariores</span> <span class='ocrx_word' id='word_1_7' title='bbox 880 631 957 691; x_wconf 91' lang='lat' dir='ltr'>sunt</span> <span class='ocrx_word' id='word_1_8' title='bbox 980 623 1163 692; x_wconf 89' lang='lat' dir='ltr'>accusativi</span> <span class='ocrx_word' id='word_1_9' title='bbox 1188 624 1283 692; x_wconf 89' lang='lat' dir='ltr'>huius</span> <span class='ocrx_word' id='word_1_10' title='bbox 1306 643 1403 708; x_wconf 81' lang='lat' dir='ltr'>gene·</span> 
     </span>
     <span class='ocr_line' id='line_1_3' title="bbox 178 731 1404 815; baseline 0.004 -19"><span class='ocrx_word' id='word_1_11' title='bbox 178 731 241 813; x_wconf 92' lang='lat' dir='ltr'>ris,</span> <span class='ocrx_word' id='word_1_12' title='bbox 277 750 412 812; x_wconf 86' lang='lat' dir='ltr'>quorum</span> <span class='ocrx_word' id='word_1_13' title='bbox 444 731 564 797; x_wconf 78' lang='lat' dir='ltr'>Latine</span> <span class='ocrx_word' id='word_1_14' title='bbox 595 731 787 798; x_wconf 79' lang='lat' dir='ltr'><strong>terminavit</strong></span> <span class='ocrx_word' id='word_1_15' title='bbox 824 732 960 815; x_wconf 74' lang='lat' dir='ltr'><strong><em>tripodes</em></strong></span> <span class='ocrx_word' id='word_1_16' title='bbox 991 731 1119 799; x_wconf 89' lang='lat' dir='ltr'>V1111</span> <span class='ocrx_word' id='word_1_17' title='bbox 1157 737 1190 798; x_wconf 92' lang='lat' dir='ltr'>et</span> <span class='ocrx_word' id='word_1_18' title='bbox 1227 732 1404 815; x_wconf 72' lang='lat' dir='ltr'><em>elephantos</em></span> 
     </span>
     <span class='ocr_line' id='line_1_4' title="bbox 179 837 612 920; baseline 0 -18"><span class='ocrx_word' id='word_1_19' title='bbox 179 837 213 902; x_wconf 92' lang='lat' dir='ltr'>X</span> <span class='ocrx_word' id='word_1_20' title='bbox 239 838 311 920; x_wconf 84' lang='lat'>150,</span> <span class='ocrx_word' id='word_1_21' title='bbox 337 838 463 905; x_wconf 82' lang='lat' dir='ltr'><strong>Graece</strong></span> <span class='ocrx_word' id='word_1_22' title='bbox 486 838 612 905; x_wconf 91' lang='lat' dir='ltr'>finivit:</span> 
     </span>
    </p>

    <p class='ocr_par' dir='ltr' id='par_1_3' title="bbox 178 942 1404 1136">
     <span class='ocr_line' id='line_1_5' title="bbox 270 942 1404 1031; baseline 0.005 -23"><span class='ocrx_word' id='word_1_23' title='bbox 270 942 423 1029; x_wconf 78' lang='lat' dir='ltr'><em>Cyclopas</em></span> <span class='ocrx_word' id='word_1_24' title='bbox 446 944 509 1014; x_wconf 89' lang='lat' dir='ltr'>XV</span> <span class='ocrx_word' id='word_1_25' title='bbox 536 947 576 1013; x_wconf 90' lang='lat'>18</span> <span class='ocrx_word' id='word_1_26' title='bbox 607 945 840 1031; x_wconf 78' lang='lat' dir='ltr'>Laestrppoaas</span> <span class='ocrx_word' id='word_1_27' title='bbox 862 947 925 1016; x_wconf 91' lang='lat' dir='ltr'>XV</span> <span class='ocrx_word' id='word_1_28' title='bbox 953 947 992 1012; x_wconf 90' lang='lat'>18</span> <span class='ocrx_word' id='word_1_29' title='bbox 1027 943 1315 1014; x_wconf 68' lang='lat' dir='ltr'>moueantur</span> <span class='ocrx_word' id='word_1_30' title='bbox 1351 969 1404 1014; x_wconf 89' lang='lat' dir='ltr'>ea·</span> 
     </span>
     <span class='ocr_line' id='line_1_6' title="bbox 178 1053 911 1136; baseline -0.003 -16"><span class='ocrx_word' id='word_1_31' title='bbox 178 1053 342 1120; x_wconf 76' lang='lat' dir='ltr'>dromidas</span> <span class='ocrx_word' id='word_1_32' title='bbox 364 1053 413 1121; x_wconf 92' lang='lat' dir='ltr'>VI</span> <span class='ocrx_word' id='word_1_33' title='bbox 436 1053 500 1118; x_wconf 80' lang='lat'>246</span> <span class='ocrx_word' id='word_1_34' title='bbox 530 1053 743 1136; x_wconf 60' lang='lat' dir='ltr'>epitomae</span> <span class='ocrx_word' id='word_1_35' title='bbox 766 1054 812 1121; x_wconf 93' lang='lat' dir='ltr'>VI</span> <span class='ocrx_word' id='word_1_36' title='bbox 835 1054 911 1120; x_wconf 79' lang='grc'>514.</span> 
     </span>
    </p>

    <p class='ocr_par' dir='ltr' id='par_1_4' title="bbox 178 1159 1406 1781">
     <span class='ocr_line' id='line_1_7' title="bbox 268 1159 1404 1248; baseline 0.001 -23"><span class='ocrx_word' id='word_1_37' title='bbox 268 1159 487 1226; x_wconf 89' lang='lat' dir='ltr'>Accusativus</span> <span class='ocrx_word' id='word_1_38' title='bbox 514 1159 655 1242; x_wconf 90' lang='lat' dir='ltr'>pluralis</span> <span class='ocrx_word' id='word_1_39' title='bbox 683 1159 832 1226; x_wconf 82' lang='lat' dir='ltr'><strong>neutrius</strong></span> <span class='ocrx_word' id='word_1_40' title='bbox 859 1159 1001 1242; x_wconf 84' lang='lat' dir='ltr'>generis,</span> <span class='ocrx_word' id='word_1_41' title='bbox 1033 1159 1206 1248; x_wconf 67' lang='lat' dir='ltr'>quin-12</span> <span class='ocrx_word' id='word_1_42' title='bbox 1235 1160 1359 1227; x_wconf 89' lang='lat' dir='ltr'>desinit</span> <span class='ocrx_word' id='word_1_43' title='bbox 1368 1160 1404 1246; x_wconf 84' lang='lat'>¹),</span> 
     </span>
     <span class='ocr_line' id='line_1_8' title="bbox 179 1265 1405 1350; baseline 0.001 -17"><span class='ocrx_word' id='word_1_44' title='bbox 179 1265 301 1347; x_wconf 88' lang='lat' dir='ltr'>ubique</span> <span class='ocrx_word' id='word_1_45' title='bbox 324 1265 514 1332; x_wconf 88' lang='lat' dir='ltr'>immutatus</span> <span class='ocrx_word' id='word_1_46' title='bbox 537 1265 681 1348; x_wconf 87' lang='lat' dir='ltr'>apaetis</span> <span class='ocrx_word' id='word_1_47' title='bbox 696 1265 829 1332; x_wconf 86' lang='lat' dir='ltr'>Latinis</span> <span class='ocrx_word' id='word_1_48' title='bbox 854 1273 905 1333; x_wconf 88' lang='lat' dir='ltr'>est</span> <span class='ocrx_word' id='word_1_49' title='bbox 920 1271 1084 1350; x_wconf 71' lang='lat' dir='ltr'>acceptus</span> <span class='ocrx_word' id='word_1_50' title='bbox 1109 1267 1167 1333; x_wconf 88' lang='lat' dir='ltr'>sed</span> <span class='ocrx_word' id='word_1_51' title='bbox 1182 1267 1266 1334; x_wconf 89' lang='lat' dir='ltr'>satis</span> <span class='ocrx_word' id='word_1_52' title='bbox 1289 1267 1405 1349; x_wconf 78' lang='lat' dir='ltr'><strong>paucis</strong></span> 
     </span>
     <span class='ocr_line' id='line_1_9' title="bbox 178 1373 1406 1442; baseline 0.003 -4"><span class='ocrx_word' id='word_1_53' title='bbox 178 1373 262 1440; x_wconf 91' lang='lat' dir='ltr'>locis</span> <span class='ocrx_word' id='word_1_54' title='bbox 296 1373 472 1440; x_wconf 89' lang='lat' dir='ltr'>invenitur.</span> <span class='ocrx_word' id='word_1_55' title='bbox 524 1373 631 1440; x_wconf 84' lang='lat' dir='ltr'>Semel</span> <span class='ocrx_word' id='word_1_56' title='bbox 666 1373 753 1441; x_wconf 93' lang='lat' dir='ltr'>enim</span> <span class='ocrx_word' id='word_1_57' title='bbox 789 1373 933 1440; x_wconf 87' lang='lat' dir='ltr'>occurrit</span> <span class='ocrx_word' id='word_1_58' title='bbox 968 1373 1063 1440; x_wconf 89' lang='lat' dir='ltr'>nobis</span> <span class='ocrx_word' id='word_1_59' title='bbox 1098 1373 1307 1441; x_wconf 78' lang='lat' dir='ltr'>accusatIvus</span> <span class='ocrx_word' id='word_1_60' title='bbox 1346 1381 1406 1442; x_wconf 83' lang='lat' dir='ltr'>cele</span> 
     </span>
     <span class='ocr_line' id='line_1_10' title="bbox 180 1479 1404 1567; baseline -0.002 -20"><span class='ocrx_word' id='word_1_61' title='bbox 180 1479 252 1567; x_wconf 86' lang='lat' dir='ltr'>(Sil.</span> <span class='ocrx_word' id='word_1_62' title='bbox 270 1480 311 1546; x_wconf 95' lang='lat' dir='ltr'>It.</span> <span class='ocrx_word' id='word_1_63' title='bbox 336 1481 417 1547; x_wconf 91' lang='lat' dir='ltr'>XIV</span> <span class='ocrx_word' id='word_1_64' title='bbox 441 1479 534 1566; x_wconf 88' lang='grc'>253),</span> <span class='ocrx_word' id='word_1_65' title='bbox 568 1499 629 1546; x_wconf 91' lang='lat' dir='ltr'>nec</span> <span class='ocrx_word' id='word_1_66' title='bbox 656 1481 757 1547; x_wconf 89' lang='lat' dir='ltr'>multo</span> <span class='ocrx_word' id='word_1_67' title='bbox 786 1480 918 1563; x_wconf 87' lang='lat' dir='ltr'>saepius</span> <span class='ocrx_word' id='word_1_68' title='bbox 951 1480 1065 1564; x_wconf 83' lang='lat' dir='ltr'>Tempe</span> <span class='ocrx_word' id='word_1_69' title='bbox 1087 1479 1212 1567; x_wconf 85' lang='lat' dir='ltr'>(Senec.</span> <span class='ocrx_word' id='word_1_70' title='bbox 1229 1481 1314 1547; x_wconf 87' lang='lat' dir='ltr'>Med.</span> <span class='ocrx_word' id='word_1_71' title='bbox 1339 1482 1404 1546; x_wconf 83' lang='grc'>457</span> 
     </span>
     <span class='ocr_line' id='line_1_11' title="bbox 179 1587 1403 1657; baseline 0 -3"><span class='ocrx_word' id='word_1_72' title='bbox 179 1587 302 1654; x_wconf 83' lang='lat' dir='ltr'>Colum.</span> <span class='ocrx_word' id='word_1_73' title='bbox 327 1588 360 1653; x_wconf 93' lang='lat' dir='ltr'>X</span> <span class='ocrx_word' id='word_1_74' title='bbox 384 1588 448 1654; x_wconf 90' lang='grc'>265</span> <span class='ocrx_word' id='word_1_75' title='bbox 479 1587 602 1654; x_wconf 87' lang='lat' dir='ltr'>Lucan.</span> <span class='ocrx_word' id='word_1_76' title='bbox 620 1587 703 1657; x_wconf 93' lang='lat' dir='ltr'>VIII</span> <span class='ocrx_word' id='word_1_77' title='bbox 730 1589 745 1653; x_wconf 99' lang='lat'>1</span> <span class='ocrx_word' id='word_1_78' title='bbox 779 1587 852 1657; x_wconf 86' lang='lat' dir='ltr'>Vel.</span> <span class='ocrx_word' id='word_1_79' title='bbox 870 1588 979 1654; x_wconf 79' lang='lat' dir='ltr'>Flacc.</span> <span class='ocrx_word' id='word_1_80' title='bbox 1002 1587 1086 1657; x_wconf 90' lang='lat' dir='ltr'>VIII</span> <span class='ocrx_word' id='word_1_81' title='bbox 1109 1587 1174 1654; x_wconf 90' lang='grc'>452</span> <span class='ocrx_word' id='word_1_82' title='bbox 1205 1589 1288 1656; x_wconf 86' lang='lat' dir='ltr'>Stat.</span> <span class='ocrx_word' id='word_1_83' title='bbox 1302 1589 1403 1655; x_wconf 78' lang='lat' dir='ltr'>&#39;rhea</span> 
     </span>
     <span class='ocr_line' id='line_1_12' title="bbox 180 1693 1404 1781; baseline -0.003 -17"><span class='ocrx_word' id='word_1_84' title='bbox 180 1695 229 1764; x_wconf 93' lang='lat' dir='ltr'>VI</span> <span class='ocrx_word' id='word_1_85' title='bbox 243 1695 286 1760; x_wconf 87' lang='grc'>88</span> <span class='ocrx_word' id='word_1_86' title='bbox 309 1695 390 1760; x_wconf 88' lang='lat' dir='ltr'>Aah.</span> <span class='ocrx_word' id='word_1_87' title='bbox 414 1695 526 1780; x_wconf 78' lang='grc'>1237)</span> <span class='ocrx_word' id='word_1_88' title='bbox 549 1695 603 1761; x_wconf 89' lang='lat' dir='ltr'>vel</span> <span class='ocrx_word' id='word_1_89' title='bbox 625 1702 722 1778; x_wconf 83' lang='lat' dir='ltr'>tempe</span> <span class='ocrx_word' id='word_1_90' title='bbox 745 1695 840 1781; x_wconf 86' lang='lat' dir='ltr'>(Stat.</span> <span class='ocrx_word' id='word_1_91' title='bbox 857 1695 938 1762; x_wconf 80' lang='lat' dir='ltr'>silv.</span> <span class='ocrx_word' id='word_1_92' title='bbox 962 1696 1039 1777; x_wconf 91' lang='lat' dir='ltr'>V3,</span> <span class='ocrx_word' id='word_1_93' title='bbox 1063 1695 1127 1761; x_wconf 85' lang='grc'>209</span> <span class='ocrx_word' id='word_1_94' title='bbox 1152 1695 1252 1763; x_wconf 79' lang='lat' dir='ltr'>Theb.</span> <span class='ocrx_word' id='word_1_95' title='bbox 1277 1693 1404 1781; x_wconf 85' lang='grc'>1485).</span> 
     </span>
    </p>

    <p class='ocr_par' dir='ltr' id='par_1_5' title="bbox 181 1801 1404 1990">
     <span class='ocr_line' id='line_1_13' title="bbox 270 1801 1404 1885; baseline -0.001 -17"><span class='ocrx_word' id='word_1_96' title='bbox 270 1802 387 1868; x_wconf 79' lang='lat' dir='ltr'>Cetera</span> <span class='ocrx_word' id='word_1_97' title='bbox 414 1801 524 1868; x_wconf 87' lang='lat' dir='ltr'>omnia</span> <span class='ocrx_word' id='word_1_98' title='bbox 547 1802 680 1869; x_wconf 90' lang='lat' dir='ltr'>nomina</span> <span class='ocrx_word' id='word_1_99' title='bbox 702 1802 824 1870; x_wconf 91' lang='lat' dir='ltr'>Latino</span> <span class='ocrx_word' id='word_1_100' title='bbox 855 1802 906 1868; x_wconf 88' lang='lat' dir='ltr'>ori</span> <span class='ocrx_word' id='word_1_101' title='bbox 935 1808 1015 1885; x_wconf 89' lang='lat' dir='ltr'>apta</span> <span class='ocrx_word' id='word_1_102' title='bbox 1037 1807 1154 1884; x_wconf 90' lang='lat' dir='ltr'>poetae</span> <span class='ocrx_word' id='word_1_103' title='bbox 1182 1802 1404 1884; x_wconf 89' lang='lat' dir='ltr'>reddiderunt,</span> 
     </span>
     <span class='ocr_line' id='line_1_14' title="bbox 181 1909 657 1990; baseline -0.002 -15"><span class='ocrx_word' id='word_1_104' title='bbox 181 1915 218 1975; x_wconf 93' lang='lat' dir='ltr'>ut</span> <span class='ocrx_word' id='word_1_105' title='bbox 241 1909 390 1990; x_wconf 87' lang='lat' dir='ltr'>exempla</span> <span class='ocrx_word' id='word_1_106' title='bbox 414 1910 657 1976; x_wconf 88' lang='lat' dir='ltr'>demonstrant:</span> 
     </span>
    </p>

    <p class='ocr_par' dir='ltr' id='par_1_6' title="bbox 269 2016 1288 2102">
     <span class='ocr_line' id='line_1_15' title="bbox 269 2016 1288 2102; baseline 0 -21"><span class='ocrx_word' id='word_1_107' title='bbox 269 2016 406 2084; x_wconf 81' lang='lat' dir='ltr'>Danaos</span> <span class='ocrx_word' id='word_1_108' title='bbox 429 2017 562 2101; x_wconf 74' lang='lat' dir='ltr'>Scyllas</span> <span class='ocrx_word' id='word_1_109' title='bbox 584 2017 741 2100; x_wconf 78' lang='lat' dir='ltr'><strong><em>Mycenas</em></strong></span> <span class='ocrx_word' id='word_1_110' title='bbox 764 2016 931 2102; x_wconf 76' lang='lat' dir='ltr'><strong><em>Harpyias</em></strong></span> <span class='ocrx_word' id='word_1_111' title='bbox 954 2017 1112 2102; x_wconf 80' lang='lat' dir='ltr'>Perpomo</span> <span class='ocrx_word' id='word_1_112' title='bbox 1133 2018 1288 2102; x_wconf 75' lang='lat' dir='ltr'>depacta.</span> 
     </span>
    </p>

    <p class='ocr_par' dir='ltr' id='par_1_7' title="bbox 181 2124 1406 2422">
     <span class='ocr_line' id='line_1_16' title="bbox 270 2124 1405 2208; baseline -0.002 -18"><span class='ocrx_word' id='word_1_113' title='bbox 270 2125 364 2208; x_wconf 85' lang='lat' dir='ltr'>Quod</span> <span class='ocrx_word' id='word_1_114' title='bbox 398 2145 462 2192; x_wconf 93' lang='lat' dir='ltr'>non</span> <span class='ocrx_word' id='word_1_115' title='bbox 492 2125 609 2191; x_wconf 84' lang='lat' dir='ltr'>mIrum</span> <span class='ocrx_word' id='word_1_116' title='bbox 645 2133 708 2205; x_wconf 87' lang='lat' dir='ltr'>est,</span> <span class='ocrx_word' id='word_1_117' title='bbox 745 2144 817 2192; x_wconf 92' lang='lat' dir='ltr'>cum</span> <span class='ocrx_word' id='word_1_118' title='bbox 848 2127 962 2191; x_wconf 90' lang='lat' dir='ltr'>horum</span> <span class='ocrx_word' id='word_1_119' title='bbox 998 2124 1163 2190; x_wconf 91' lang='lat' dir='ltr'>nominum</span> <span class='ocrx_word' id='word_1_120' title='bbox 1194 2131 1326 2206; x_wconf 89' lang='lat' dir='ltr'>praeter</span> <span class='ocrx_word' id='word_1_121' title='bbox 1356 2143 1405 2205; x_wconf 91' lang='lat' dir='ltr'>ea,</span> 
     </span>
     <span class='ocr_line' id='line_1_17' title="bbox 182 2229 1406 2315; baseline -0.001 -18"><span class='ocrx_word' id='word_1_122' title='bbox 182 2251 317 2313; x_wconf 90' lang='lat' dir='ltr'>quorum</span> <span class='ocrx_word' id='word_1_123' title='bbox 349 2231 571 2299; x_wconf 82' lang='lat' dir='ltr'>nominativus</span> <span class='ocrx_word' id='word_1_124' title='bbox 604 2232 785 2315; x_wconf 81' lang='lat' dir='ltr'>singularis</span> <span class='ocrx_word' id='word_1_125' title='bbox 818 2232 852 2299; x_wconf 91' lang='lat' dir='ltr'>in</span> <span class='ocrx_word' id='word_1_126' title='bbox 880 2255 931 2308; x_wconf 81' lang='grc' dir='ltr'>-ος</span> <span class='ocrx_word' id='word_1_127' title='bbox 964 2231 1124 2315; x_wconf 84' lang='lat' dir='ltr'>excurrit,</span> <span class='ocrx_word' id='word_1_128' title='bbox 1158 2229 1406 2298; x_wconf 86' lang='lat' dir='ltr'>terminationes</span> 
     </span>
     <span class='ocr_line' id='line_1_18' title="bbox 181 2338 829 2422; baseline 0.003 -18"><span class='ocrx_word' id='word_1_129' title='bbox 181 2338 324 2405; x_wconf 87' lang='lat' dir='ltr'>Latinae</span> <span class='ocrx_word' id='word_1_130' title='bbox 348 2338 486 2406; x_wconf 85' lang='lat' dir='ltr'>Graecis</span> <span class='ocrx_word' id='word_1_131' title='bbox 509 2339 608 2421; x_wconf 92' lang='lat' dir='ltr'>plane</span> <span class='ocrx_word' id='word_1_132' title='bbox 631 2339 699 2405; x_wconf 91' lang='lat' dir='ltr'>sint</span> <span class='ocrx_word' id='word_1_133' title='bbox 721 2359 829 2422; x_wconf 85' lang='lat' dir='ltr'>pares.</span> 
     </span>
    </p>
   </div>
   <div class='ocr_carea' id='block_1_3' title="bbox 759 2553 833 2638">
    <p class='ocr_par' dir='ltr' id='par_1_8' title="bbox 759 2553 833 2638">
     <span class='ocr_line' id='line_1_19' title="bbox 759 2553 833 2638; baseline 0 -20"><span class='ocrx_word' id='word_1_134' title='bbox 759 2553 833 2638; x_wconf 69' lang='lat' dir='ltr'>§a</span> 
     </span>
    </p>
   </div>
   <div class='ocr_carea' id='block_1_4' title="bbox 236 2677 1353 2760">
    <p class='ocr_par' dir='ltr' id='par_1_9' title="bbox 236 2677 1353 2760">
     <span class='ocr_line' id='line_1_20' title="bbox 236 2677 1353 2760; baseline -0.004 -14"><span class='ocrx_word' id='word_1_135' title='bbox 236 2680 291 2746; x_wconf 89' lang='lat' dir='ltr'>De</span> <span class='ocrx_word' id='word_1_136' title='bbox 319 2679 541 2746; x_wconf 89' lang='lat' dir='ltr'>nominibus</span> <span class='ocrx_word' id='word_1_137' title='bbox 569 2679 802 2760; x_wconf 91' lang='lat' dir='ltr'>quibusdam</span> <span class='ocrx_word' id='word_1_138' title='bbox 829 2678 998 2747; x_wconf 90' lang='lat' dir='ltr'>incertis</span> <span class='ocrx_word' id='word_1_139' title='bbox 1027 2684 1063 2745; x_wconf 91' lang='lat' dir='ltr'>et</span> <span class='ocrx_word' id='word_1_140' title='bbox 1090 2677 1353 2746; x_wconf 87' lang='lat' dir='ltr'>heteroclitis.</span> 
     </span>
    </p>
   </div>
   <div class='ocr_carea' id='block_1_5' title="bbox 182 2821 1408 4284">
    <p class='ocr_par' dir='ltr' id='par_1_10' title="bbox 183 2821 1408 3119">
     <span class='ocr_line' id='line_1_21' title="bbox 271 2821 1406 2904; baseline -0.002 -15"><span class='ocrx_word' id='word_1_141' title='bbox 271 2822 416 2904; x_wconf 78' lang='lat' dir='ltr'>FormiS,</span> <span class='ocrx_word' id='word_1_142' title='bbox 449 2842 532 2903; x_wconf 89' lang='lat' dir='ltr'>quae</span> <span class='ocrx_word' id='word_1_143' title='bbox 556 2841 573 2887; x_wconf 88' lang='lat' dir='ltr'>a</span> <span class='ocrx_word' id='word_1_144' title='bbox 598 2822 736 2889; x_wconf 74' lang='lat' dir='ltr'>GraecIS</span> <span class='ocrx_word' id='word_1_145' title='bbox 760 2823 972 2904; x_wconf 86' lang='lat' dir='ltr'>depromptae</span> <span class='ocrx_word' id='word_1_146' title='bbox 1000 2841 1020 2888; x_wconf 93' lang='lat' dir='ltr'>a</span> <span class='ocrx_word' id='word_1_147' title='bbox 1043 2821 1176 2887; x_wconf 89' lang='lat' dir='ltr'>Latinis</span> <span class='ocrx_word' id='word_1_148' title='bbox 1203 2821 1311 2904; x_wconf 88' lang='lat' dir='ltr'>poetis</span> <span class='ocrx_word' id='word_1_149' title='bbox 1338 2839 1406 2887; x_wconf 90' lang='lat' dir='ltr'>ser-</span> 
     </span>
     <span class='ocr_line' id='line_1_22' title="bbox 183 2927 1408 3013; baseline -0.003 -15"><span class='ocrx_word' id='word_1_150' title='bbox 183 2937 281 2998; x_wconf 88' lang='lat' dir='ltr'>vatae</span> <span class='ocrx_word' id='word_1_151' title='bbox 311 2937 400 3013; x_wconf 90' lang='lat' dir='ltr'>sunt,</span> <span class='ocrx_word' id='word_1_152' title='bbox 432 2929 646 3011; x_wconf 86' lang='lat' dir='ltr'>pertractatis</span> <span class='ocrx_word' id='word_1_153' title='bbox 674 2934 793 3011; x_wconf 84' lang='lat' dir='ltr'>restat,</span> <span class='ocrx_word' id='word_1_154' title='bbox 825 2935 862 2994; x_wconf 93' lang='lat' dir='ltr'>ut</span> <span class='ocrx_word' id='word_1_155' title='bbox 892 2929 932 2994; x_wconf 88' lang='lat' dir='ltr'>de</span> <span class='ocrx_word' id='word_1_156' title='bbox 962 2928 1005 2996; x_wconf 88' lang='lat' dir='ltr'>iis</span> <span class='ocrx_word' id='word_1_157' title='bbox 1036 2927 1222 2995; x_wconf 88' lang='lat' dir='ltr'>nominibus</span> <span class='ocrx_word' id='word_1_158' title='bbox 1250 2927 1408 2994; x_wconf 90' lang='lat' dir='ltr'>nonnulla</span> 
     </span>
     <span class='ocr_line' id='line_1_23' title="bbox 183 3035 1261 3119; baseline -0.003 -16"><span class='ocrx_word' id='word_1_159' title='bbox 183 3037 335 3119; x_wconf 89' lang='lat' dir='ltr'>adiciam,</span> <span class='ocrx_word' id='word_1_160' title='bbox 360 3056 494 3118; x_wconf 89' lang='lat' dir='ltr'>quorum</span> <span class='ocrx_word' id='word_1_161' title='bbox 518 3035 767 3102; x_wconf 83' lang='lat' dir='ltr'>terminationes</span> <span class='ocrx_word' id='word_1_162' title='bbox 791 3035 906 3103; x_wconf 89' lang='lat' dir='ltr'>variae</span> <span class='ocrx_word' id='word_1_163' title='bbox 929 3041 1006 3101; x_wconf 86' lang='lat' dir='ltr'>sunt</span> <span class='ocrx_word' id='word_1_164' title='bbox 1028 3035 1082 3102; x_wconf 91' lang='lat' dir='ltr'>vel</span> <span class='ocrx_word' id='word_1_165' title='bbox 1105 3035 1261 3101; x_wconf 84' lang='lat' dir='ltr'>incertae.</span> 
     </span>
    </p>

    <p class='ocr_par' dir='ltr' id='par_1_11' title="bbox 182 3142 1408 3762">
     <span class='ocr_line' id='line_1_24' title="bbox 273 3142 1407 3226; baseline -0.003 -16"><span class='ocrx_word' id='word_1_166' title='bbox 273 3145 301 3210; x_wconf 95' lang='grc'>1.</span> <span class='ocrx_word' id='word_1_167' title='bbox 334 3145 383 3210; x_wconf 82' lang='lat' dir='ltr'>Ac</span> <span class='ocrx_word' id='word_1_168' title='bbox 406 3143 545 3226; x_wconf 92' lang='lat' dir='ltr'>primum</span> <span class='ocrx_word' id='word_1_169' title='bbox 568 3142 699 3224; x_wconf 87' lang='lat' dir='ltr'>quidem</span> <span class='ocrx_word' id='word_1_170' title='bbox 727 3142 932 3225; x_wconf 88' lang='lat' dir='ltr'>appellativa</span> <span class='ocrx_word' id='word_1_171' title='bbox 955 3143 1115 3223; x_wconf 86' lang='lat' dir='ltr'>quaedam</span> <span class='ocrx_word' id='word_1_172' title='bbox 1139 3142 1291 3224; x_wconf 81' lang='lat' dir='ltr'>afferam,</span> <span class='ocrx_word' id='word_1_173' title='bbox 1323 3160 1407 3222; x_wconf 87' lang='lat' dir='ltr'>quae</span> 
     </span>
     <span class='ocr_line' id='line_1_25' title="bbox 182 3247 1407 3333; baseline -0.003 -15"><span class='ocrx_word' id='word_1_174' title='bbox 182 3252 217 3318; x_wconf 94' lang='lat' dir='ltr'>in</span> <span class='ocrx_word' id='word_1_175' title='bbox 240 3252 460 3316; x_wconf 90' lang='lat' dir='ltr'>Romanorum</span> <span class='ocrx_word' id='word_1_176' title='bbox 484 3249 600 3333; x_wconf 82' lang='lat' dir='ltr'>liagua</span> <span class='ocrx_word' id='word_1_177' title='bbox 622 3249 676 3316; x_wconf 91' lang='lat' dir='ltr'>vel</span> <span class='ocrx_word' id='word_1_178' title='bbox 701 3249 840 3318; x_wconf 87' lang='lat' dir='ltr'>Graecis</span> <span class='ocrx_word' id='word_1_179' title='bbox 864 3248 982 3316; x_wconf 89' lang='lat' dir='ltr'>formis</span> <span class='ocrx_word' id='word_1_180' title='bbox 1006 3257 1063 3314; x_wconf 91' lang='lat' dir='ltr'>aut</span> <span class='ocrx_word' id='word_1_181' title='bbox 1087 3247 1250 3315; x_wconf 85' lang='lat' dir='ltr'>similibus</span> <span class='ocrx_word' id='word_1_182' title='bbox 1274 3247 1407 3314; x_wconf 86' lang='lat' dir='ltr'>Latinis</span> 
     </span>
     <span class='ocr_line' id='line_1_26' title="bbox 182 3356 1407 3442; baseline -0.002 -17"><span class='ocrx_word' id='word_1_183' title='bbox 182 3379 243 3425; x_wconf 91' lang='lat' dir='ltr'>usa</span> <span class='ocrx_word' id='word_1_184' title='bbox 266 3365 351 3442; x_wconf 88' lang='lat' dir='ltr'>sunt,</span> <span class='ocrx_word' id='word_1_185' title='bbox 382 3358 436 3426; x_wconf 90' lang='lat' dir='ltr'>vel</span> <span class='ocrx_word' id='word_1_186' title='bbox 460 3358 588 3442; x_wconf 82' lang='lat' dir='ltr'>origine</span> <span class='ocrx_word' id='word_1_187' title='bbox 612 3356 742 3424; x_wconf 85' lang='lat' dir='ltr'>Graeca</span> <span class='ocrx_word' id='word_1_188' title='bbox 770 3357 921 3439; x_wconf 89' lang='lat' dir='ltr'>deposita</span> <span class='ocrx_word' id='word_1_189' title='bbox 951 3356 1138 3424; x_wconf 87' lang='lat' dir='ltr'>declinandi</span> <span class='ocrx_word' id='word_1_190' title='bbox 1169 3375 1273 3440; x_wconf 83' lang='lat' dir='ltr'>genus</span> <span class='ocrx_word' id='word_1_191' title='bbox 1296 3356 1407 3422; x_wconf 89' lang='lat' dir='ltr'>varia·</span> 
     </span>
     <span class='ocr_line' id='line_1_27' title="bbox 183 3463 1408 3546; baseline -0.002 -13"><span class='ocrx_word' id='word_1_192' title='bbox 183 3472 302 3533; x_wconf 89' lang='lat' dir='ltr'>verunt</span> <span class='ocrx_word' id='word_1_193' title='bbox 325 3472 450 3533; x_wconf 91' lang='lat' dir='ltr'>etcum</span> <span class='ocrx_word' id='word_1_194' title='bbox 475 3465 585 3546; x_wconf 86' lang='lat' dir='ltr'>aliquo</span> <span class='ocrx_word' id='word_1_195' title='bbox 601 3464 723 3531; x_wconf 89' lang='lat' dir='ltr'>Latino</span> <span class='ocrx_word' id='word_1_196' title='bbox 741 3469 1030 3531; x_wconf 87' lang='lat' dir='ltr'>commutaverunt.</span> <span class='ocrx_word' id='word_1_197' title='bbox 1063 3463 1170 3530; x_wconf 90' lang='lat' dir='ltr'>Huius</span> <span class='ocrx_word' id='word_1_198' title='bbox 1192 3463 1243 3529; x_wconf 92' lang='lat' dir='ltr'>rei</span> <span class='ocrx_word' id='word_1_199' title='bbox 1259 3463 1408 3546; x_wconf 86' lang='lat' dir='ltr'>exempla</span> 
     </span>
     <span class='ocr_line' id='line_1_28' title="bbox 183 3571 1407 3656; baseline -0.002 -17"><span class='ocrx_word' id='word_1_200' title='bbox 183 3573 249 3640; x_wconf 91' lang='lat' dir='ltr'>iam</span> <span class='ocrx_word' id='word_1_201' title='bbox 273 3592 374 3656; x_wconf 89' lang='lat' dir='ltr'>supra</span> <span class='ocrx_word' id='word_1_202' title='bbox 396 3573 451 3639; x_wconf 91' lang='lat' dir='ltr'>hic</span> <span class='ocrx_word' id='word_1_203' title='bbox 474 3572 545 3638; x_wconf 91' lang='lat' dir='ltr'>illic</span> <span class='ocrx_word' id='word_1_204' title='bbox 568 3571 736 3656; x_wconf 90' lang='lat' dir='ltr'>invenisti,</span> <span class='ocrx_word' id='word_1_205' title='bbox 761 3591 846 3638; x_wconf 92' lang='lat' dir='ltr'>nunc</span> <span class='ocrx_word' id='word_1_206' title='bbox 870 3577 978 3638; x_wconf 89' lang='lat' dir='ltr'>autem</span> <span class='ocrx_word' id='word_1_207' title='bbox 994 3571 1184 3654; x_wconf 88' lang='lat' dir='ltr'>primitivas</span> <span class='ocrx_word' id='word_1_208' title='bbox 1209 3577 1241 3637; x_wconf 91' lang='lat' dir='ltr'>et</span> <span class='ocrx_word' id='word_1_209' title='bbox 1264 3577 1407 3637; x_wconf 88' lang='lat' dir='ltr'>mutatas</span> 
     </span>
     <span class='ocr_line' id='line_1_29' title="bbox 183 3678 1361 3762; baseline -0.003 -16"><span class='ocrx_word' id='word_1_210' title='bbox 183 3679 348 3748; x_wconf 92' lang='lat' dir='ltr'>nominum</span> <span class='ocrx_word' id='word_1_211' title='bbox 373 3679 498 3746; x_wconf 85' lang='lat' dir='ltr'>formas</span> <span class='ocrx_word' id='word_1_212' title='bbox 521 3699 587 3746; x_wconf 90' lang='lat' dir='ltr'>una</span> <span class='ocrx_word' id='word_1_213' title='bbox 611 3698 839 3762; x_wconf 86' lang='lat' dir='ltr'>componemus</span> <span class='ocrx_word' id='word_1_214' title='bbox 863 3685 896 3744; x_wconf 89' lang='lat' dir='ltr'>et</span> <span class='ocrx_word' id='word_1_215' title='bbox 919 3679 1007 3745; x_wconf 91' lang='lat' dir='ltr'>inter</span> <span class='ocrx_word' id='word_1_216' title='bbox 1029 3697 1064 3745; x_wconf 89' lang='lat' dir='ltr'>se</span> <span class='ocrx_word' id='word_1_217' title='bbox 1088 3678 1361 3760; x_wconf 89' lang='lat' dir='ltr'>comparabimus.</span> 
     </span>
    </p>

    <p class='ocr_par' dir='ltr' id='par_1_12' title="bbox 183 3784 1408 4284">
     <span class='ocr_line' id='line_1_30' title="bbox 271 3784 1408 3874; baseline -0.003 -21"><span class='ocrx_word' id='word_1_218' title='bbox 271 3787 312 3853; x_wconf 94' lang='lat' dir='ltr'>In</span> <span class='ocrx_word' id='word_1_219' title='bbox 342 3788 403 3853; x_wconf 92' lang='lat' dir='ltr'>hoc</span> <span class='ocrx_word' id='word_1_220' title='bbox 434 3806 554 3871; x_wconf 85' lang='lat' dir='ltr'>genere</span> <span class='ocrx_word' id='word_1_221' title='bbox 593 3786 827 3852; x_wconf 89' lang='lat' dir='ltr'>numerandum</span> <span class='ocrx_word' id='word_1_222' title='bbox 857 3791 907 3852; x_wconf 89' lang='lat' dir='ltr'>est</span> <span class='ocrx_word' id='word_1_223' title='bbox 936 3804 1053 3852; x_wconf 91' lang='lat' dir='ltr'>nomen</span> <span class='ocrx_word' id='word_1_224' title='bbox 1092 3784 1282 3874; x_wconf 60' lang='lat' dir='ltr'>deiplst),</span> <span class='ocrx_word' id='word_1_225' title='bbox 1322 3786 1408 3865; x_wconf 92' lang='lat' dir='ltr'>quod</span> 
     </span>
     <span class='ocr_line' id='line_1_31' title="bbox 183 3891 1407 3979; baseline -0.005 -17"><span class='ocrx_word' id='word_1_226' title='bbox 183 3901 316 3979; x_wconf 89' lang='lat' dir='ltr'>praeter</span> <span class='ocrx_word' id='word_1_227' title='bbox 332 3895 417 3960; x_wconf 90' lang='lat' dir='ltr'>hunc</span> <span class='ocrx_word' id='word_1_228' title='bbox 440 3893 678 3960; x_wconf 89' lang='lat' dir='ltr'>nominativum</span> <span class='ocrx_word' id='word_1_229' title='bbox 695 3893 867 3975; x_wconf 85' lang='lat' dir='ltr'>Graecum,</span> <span class='ocrx_word' id='word_1_230' title='bbox 893 3893 949 3973; x_wconf 89' lang='lat' dir='ltr'>qui</span> <span class='ocrx_word' id='word_1_231' title='bbox 972 3893 1141 3960; x_wconf 91' lang='lat' dir='ltr'>invenitur</span> <span class='ocrx_word' id='word_1_232' title='bbox 1164 3893 1198 3958; x_wconf 94' lang='lat' dir='ltr'>in</span> <span class='ocrx_word' id='word_1_233' title='bbox 1215 3891 1407 3959; x_wconf 85' lang='lat' dir='ltr'>Germanici</span> 
     </span>
     <span class='ocr_line' id='line_1_32' title="bbox 183 3998 1406 4082; baseline -0.005 -13"><span class='ocrx_word' id='word_1_234' title='bbox 183 4000 421 4070; x_wconf 88' lang='lat' dir='ltr'>Phaenomenis</span> <span class='ocrx_word' id='word_1_235' title='bbox 438 4002 513 4082; x_wconf 85' lang='lat'>321,</span> <span class='ocrx_word' id='word_1_236' title='bbox 539 4001 573 4066; x_wconf 82' lang='lat' dir='ltr'>In</span> <span class='ocrx_word' id='word_1_237' title='bbox 592 4000 735 4068; x_wconf 86' lang='lat' dir='ltr'>Senecae</span> <span class='ocrx_word' id='word_1_238' title='bbox 748 3999 916 4082; x_wconf 83' lang='lat' dir='ltr'>Oedipode</span> <span class='ocrx_word' id='word_1_239' title='bbox 939 4001 1015 4082; x_wconf 88' lang='lat'><strong>466,</strong></span> <span class='ocrx_word' id='word_1_240' title='bbox 1040 4001 1127 4082; x_wconf 91' lang='lat' dir='ltr'>apud</span> <span class='ocrx_word' id='word_1_241' title='bbox 1148 3998 1296 4065; x_wconf 90' lang='lat' dir='ltr'>Persium</span> <span class='ocrx_word' id='word_1_242' title='bbox 1319 3999 1406 4081; x_wconf 80' lang='lat'>194,</span> 
     </span>
     <span class='ocr_line' id='line_1_33' title="bbox 183 4104 1406 4190; baseline -0.005 -14"><span class='ocrx_word' id='word_1_243' title='bbox 183 4111 352 4176; x_wconf 88' lang='lat' dir='ltr'>Lucanum</span> <span class='ocrx_word' id='word_1_244' title='bbox 365 4109 395 4175; x_wconf 95' lang='lat' dir='ltr'>V</span> <span class='ocrx_word' id='word_1_245' title='bbox 408 4109 482 4190; x_wconf 83' lang='lat'>552,</span> <span class='ocrx_word' id='word_1_246' title='bbox 501 4107 671 4175; x_wconf 89' lang='lat' dir='ltr'>Valerium</span> <span class='ocrx_word' id='word_1_247' title='bbox 684 4107 840 4173; x_wconf 78' lang='lat' dir='ltr'>Flaccum</span> <span class='ocrx_word' id='word_1_248' title='bbox 856 4107 874 4171; x_wconf 94' lang='grc' dir='ltr'>Ι</span> <span class='ocrx_word' id='word_1_249' title='bbox 893 4107 966 4189; x_wconf 88' lang='grc'>131,</span> <span class='ocrx_word' id='word_1_250' title='bbox 983 4105 1170 4172; x_wconf 88' lang='lat' dir='ltr'>Martialem</span> <span class='ocrx_word' id='word_1_251' title='bbox 1186 4104 1270 4172; x_wconf 93' lang='lat' dir='ltr'>VIII</span> <span class='ocrx_word' id='word_1_252' title='bbox 1286 4106 1339 4187; x_wconf 92' lang='grc'>51,</span> <span class='ocrx_word' id='word_1_253' title='bbox 1355 4105 1406 4186; x_wconf 89' lang='grc'>15,</span> 
     </span>
     <span class='ocr_line' id='line_1_34' title="bbox 184 4211 1408 4284; baseline -0.004 0"><span class='ocrx_word' id='word_1_254' title='bbox 184 4217 285 4284; x_wconf 89' lang='lat' dir='ltr'>etiam</span> <span class='ocrx_word' id='word_1_255' title='bbox 299 4215 539 4283; x_wconf 89' lang='lat' dir='ltr'>nominativum</span> <span class='ocrx_word' id='word_1_256' title='bbox 564 4215 598 4280; x_wconf 95' lang='lat' dir='ltr'>in</span> <span class='ocrx_word' id='word_1_257' title='bbox 615 4216 744 4281; x_wconf 91' lang='lat' dir='ltr'>modum</span> <span class='ocrx_word' id='word_1_258' title='bbox 760 4213 926 4281; x_wconf 90' lang='lat' dir='ltr'>nominum</span> <span class='ocrx_word' id='word_1_259' title='bbox 951 4213 1088 4281; x_wconf 85' lang='lat' dir='ltr'>alterius</span> <span class='ocrx_word' id='word_1_260' title='bbox 1104 4213 1247 4279; x_wconf 87' lang='lat' dir='ltr'>Latinae</span> <span class='ocrx_word' id='word_1_261' title='bbox 1263 4211 1408 4280; x_wconf 89' lang='lat' dir='ltr'>declina-</span> 
     </span>
    </p>
   </div>
   <div class='ocr_carea' id='block_1_6' title="bbox 185 4361 393 4370">
    <p class='ocr_par' dir='ltr' id='par_1_13' title="bbox 185 4361 393 4370">
     <span class='ocr_line' id='line_1_35' title="bbox 185 4361 393 4370; baseline -0.014 0"><span class='ocrx_word' id='word_1_262' title='bbox 185 4361 393 4370; x_wconf 75' lang='lat'>-...--—....—--</span> 
     </span>
    </p>
   </div>
   <div class='ocr_carea' id='block_1_7' title="bbox 184 4427 1407 4679">
    <p class='ocr_par' dir='ltr' id='par_1_14' title="bbox 184 4427 1407 4679">
     <span class='ocr_line' id='line_1_36' title="bbox 275 4427 625 4498; baseline 0.003 -16"><span class='ocrx_word' id='word_1_263' title='bbox 275 4427 625 4498; x_wconf 59' lang='lat' dir='ltr'>VManfflm</span> 
     </span>
     <span class='ocr_line' id='line_1_37' title="bbox 275 4515 1407 4586; baseline -0.002 -14"><span class='ocrx_word' id='word_1_264' title='bbox 275 4518 295 4584; x_wconf 89' lang='lat'>¹)</span> <span class='ocrx_word' id='word_1_265' title='bbox 319 4517 408 4574; x_wconf 86' lang='lat' dir='ltr'>Neue</span> <span class='ocrx_word' id='word_1_266' title='bbox 431 4517 469 4572; x_wconf 84' lang='lat'>1·</span> <span class='ocrx_word' id='word_1_267' title='bbox 491 4534 516 4586; x_wconf 88' lang='lat' dir='ltr'>p.</span> <span class='ocrx_word' id='word_1_268' title='bbox 535 4519 595 4586; x_wconf 79' lang='lat'>244,</span> <span class='ocrx_word' id='word_1_269' title='bbox 613 4517 675 4586; x_wconf 84' lang='lat'>461,</span> <span class='ocrx_word' id='word_1_270' title='bbox 688 4517 749 4586; x_wconf 84' lang='grc'>482,</span> <span class='ocrx_word' id='word_1_271' title='bbox 762 4516 824 4585; x_wconf 84' lang='grc'>486,</span> <span class='ocrx_word' id='word_1_272' title='bbox 837 4517 897 4571; x_wconf 82' lang='grc'>493.</span> <span class='ocrx_word' id='word_1_273' title='bbox 928 4546 962 4556; x_wconf 95' lang='grc'>-</span> <span class='ocrx_word' id='word_1_274' title='bbox 990 4515 1148 4572; x_wconf 77' lang='lat' dir='ltr'>saalfeld</span> <span class='ocrx_word' id='word_1_275' title='bbox 1172 4515 1227 4572; x_wconf 92' lang='lat' dir='ltr'>l.c.</span> <span class='ocrx_word' id='word_1_276' title='bbox 1250 4531 1275 4584; x_wconf 91' lang='lat' dir='ltr'>p.</span> <span class='ocrx_word' id='word_1_277' title='bbox 1288 4515 1348 4570; x_wconf 84' lang='grc'>336.</span> <span class='ocrx_word' id='word_1_278' title='bbox 1374 4545 1407 4555; x_wconf 92' lang='lat'>-</span> 
     </span>
     <span class='ocr_line' id='line_1_38' title="bbox 184 4607 536 4679; baseline 0 -16"><span class='ocrx_word' id='word_1_279' title='bbox 184 4610 334 4679; x_wconf 82' lang='lat' dir='ltr'>Georges</span> <span class='ocrx_word' id='word_1_280' title='bbox 357 4607 375 4664; x_wconf 94' lang='lat' dir='ltr'>l.</span> <span class='ocrx_word' id='word_1_281' title='bbox 389 4623 411 4664; x_wconf 92' lang='lat' dir='ltr'>c.</span> <span class='ocrx_word' id='word_1_282' title='bbox 436 4624 461 4676; x_wconf 91' lang='lat' dir='ltr'>p.</span> <span class='ocrx_word' id='word_1_283' title='bbox 475 4609 536 4664; x_wconf 91' lang='grc'>201.</span> 
     </span>
    </p>
   </div>
   <div class='ocr_carea' id='block_1_8' title="bbox 0 0 1737 5314">
    <p class='ocr_par' dir='ltr' id='par_1_15' title="bbox 0 0 1737 5314">
     <span class='ocr_line' id='line_1_39' title="bbox 0 0 1737 5314; baseline 0 0"><span class='ocrx_word' id='word_1_284' title='bbox 0 0 1737 5314; x_wconf 95' lang='lat' dir='ltr'> </span> 
     </span>
    </p>
   </div>
  </div>
 </body>
</html>
