3442 5324
947 413 991 478 30

445 624 509 714 Sed
533 630 568 690 ut
584 625 760 709 Sophocles
785 627 928 694 oraculis
951 627 1156 696 similibusve
1182 632 1278 696 rebus
1295 631 1417 699 divinis
1442 633 1475 698 id
1500 634 1577 717 agit,
1702 637 1703 700 f

356 740 393 799 ut
423 731 668 800 diversissimae
701 753 753 799 res
789 735 823 799 in
855 755 952 802 unum
983 737 1068 803 diem
1101 744 1298 821 congruant,
1335 739 1383 806 ita
1413 760 1512 824 saepe
1542 761 1578 808 ea
1702 787 1703 840 ,

357 860 453 922 quae
488 860 561 906 non
593 840 719 906 minus
753 848 843 924 apte
876 844 923 908 ad
958 844 1172 924 quemlibet
1207 845 1327 928 alium
1360 847 1458 914 diem
1492 868 1578 915 con·
1702 893 1703 930 ,

355 948 573 1030 venissent,
598 948 668 1014 illo
693 948 777 1031 ipso
802 949 864 1015 die
887 951 1025 1033 peragi
1051 951 1160 1018 iacit.

448 1057 573 1122 Teucer
604 1055 689 1122 enim
713 1075 775 1136 quo
807 1057 859 1122 die
883 1057 985 1123 Aiax
1015 1078 1050 1125 se
1078 1059 1220 1142 necavit,
1252 1062 1363 1127 codem
1394 1063 1579 1144 revertitur,

355 1183 549 1246 quamquam
574 1183 614 1229 ne
638 1163 772 1229 Aiacem
787 1164 925 1244 quidem
949 1166 1125 1233 adventum
1149 1167 1240 1234 illius
1263 1175 1332 1234 tam
1355 1169 1448 1236 brevi
1472 1170 1578 1252 spatio
1702 1161 1703 1212 ἶ

355 1271 551 1355 interposito
602 1276 792 1353 exspectare
847 1290 887 1337 ex
940 1272 1045 1354 ipsius
1094 1273 1205 1341 verbis
1259 1276 1478 1359 colligendum
1533 1283 1580 1343 est

357 1379 400 1465 (v.
418 1377 564 1464 ochsn).

444 1487 569 1552 Eodem
593 1486 686 1551 modo
711 1485 816 1553 Oneon
839 1486 897 1552 illo
922 1487 975 1554 die
998 1487 1136 1570 Delphis
1160 1490 1289 1556 domum
1313 1492 1417 1557 redux
1439 1491 1492 1574 iit,
1517 1511 1577 1573 quo

355 1594 453 1660 liberi
485 1592 649 1676 supplices
680 1593 841 1675 Oedipum
875 1595 1028 1677 precibus
1059 1596 1219 1662 adierunt.
1274 1597 1373 1665 Cuius
1407 1598 1458 1664 rei
1488 1599 1579 1665 noui-

355 1709 456 1768 tatem
486 1706 584 1782 poeta
612 1721 649 1766 eo
678 1700 824 1767 minnere
848 1706 998 1785 conatur,
1031 1704 1116 1783 quod
1144 1710 1272 1786 tempus
1302 1706 1459 1772 adventui
1490 1707 1578 1773 illius

322 1892 325 1896 ¹
356 1809 554 1874 destinatum
578 1815 655 1873 tunc
680 1807 785 1890 ipsum
808 1809 1022 1890 praeteriisse
1038 1810 1183 1893 Oedipus
1207 1811 1289 1877 dicit
1313 1813 1356 1898 (v.
1376 1813 1534 1896 73-75):

567 1923 623 1990 καί
645 1920 680 2008 μ’
703 1915 791 2012 ἦμαρ
815 1921 877 2013 ἤδη
901 1924 1188 2015 ξυμμετροὺμεκον
1211 1925 1318 2016 χρόνῳ

569 2032 668 2097 λυπεῖ
688 2031 722 2097 τί
745 2029 908 2119 πράσσει·
937 2037 997 2099 τοῦ
1019 2030 1081 2124 γὰρ
1105 2031 1229 2112 εἰκότος
1252 2033 1339 2126 πέρα

569 2135 690 2206 ἄπεστι
712 2139 816 2205 πλείω
839 2142 899 2206 τοῦ
922 2138 1126 2231 καθήκοντος
1149 2140 1278 2231 χρόνου.

444 2257 572 2325 Deinde
594 2255 749 2322 licentiae
773 2257 921 2339 poeticae
946 2258 1153 2325 tribuendum
1177 2265 1236 2342 est,
1262 2261 1348 2341 quod
1370 2260 1405 2325 in
1429 2261 1575 2344 Oedipo

356 2366 522 2433 Coloneo
547 2365 678 2430 Ismene
702 2370 734 2436 et
750 2364 864 2447 Creon,
889 2370 925 2430 nt
940 2365 1034 2432 illum
1050 2366 1181 2433 Thebas
1196 2369 1364 2452 reducant,
1390 2370 1502 2435 eodem
1524 2369 1577 2434 die

355 2475 390 2540 in
418 2474 524 2541 lucum
548 2471 765 2539 Eumenidum
788 2472 980 2556 adveniunt,
1011 2491 1073 2554 quo
1097 2474 1243 2557 Oedipus
1270 2475 1383 2542 multis
1412 2476 1576 2542 erroribus

355 2581 497 2647 iactatus
521 2581 617 2646 finem
641 2579 790 2645 laborum
814 2580 949 2648 invenit.

443 2687 593 2768 Denique
624 2687 709 2768 quod
738 2694 1005 2755 commemoretur
1032 2689 1166 2772 dignum
1197 2696 1247 2756 est
1275 2689 1481 2774 Sophoclem,
1512 2708 1576 2754 non

355 2796 454 2863 aliter
488 2801 586 2876 atque
622 2800 736 2876 poetas
772 2813 896 2877 omnes,
936 2815 977 2860 ne
1014 2795 1110 2863 unius
1145 2796 1212 2862 diei
1249 2797 1392 2880 spatium
1431 2796 1574 2876 excedat,

354 2905 526 2971 locorum
561 2908 677 2982 atque
707 2909 921 2984 temporum
956 2902 1175 2970 intervalla
1205 2905 1322 2986 plane
1356 2904 1573 2986 neglegere.

354 3013 401 3078 Ut
424 3012 509 3078 euim
533 3009 680 3092 exemplo
705 3015 789 3090 utar,
814 3010 849 3074 in
865 3009 1095 3077 Trachiniis
1118 3031 1182 3078 uno
1207 3012 1260 3077 die
1283 3010 1424 3094 primum
1448 3009 1573 3091 quidem

354 3118 475 3202 Hyllus
506 3137 524 3184 e
554 3116 728 3182 Thessalia
762 3117 805 3182 ad
834 3116 1003 3184 Euboeam
1038 3118 1273 3202 proficiscitur,
1310 3119 1426 3184 deinde
1456 3117 1575 3183 Lichas

354 3225 440 3291 idem
457 3224 541 3290 iacit
555 3224 628 3306 iter,
655 3229 817 3306 postremo
833 3229 960 3290 tantum
977 3224 1043 3291 diei
1060 3231 1173 3308 restat,
1197 3232 1235 3292 nt
1249 3226 1408 3295 Hercules
1424 3229 1575 3308 aegrotus

354 3351 395 3398 ex
418 3331 553 3397 Euboea
576 3332 704 3397 domum
729 3332 949 3413 transportari
973 3332 1079 3415 possit
1089 3331 1123 3417 ¹).

442 3437 525 3504 Illae
549 3439 629 3503 mihi
646 3438 863 3521 proferendae
887 3445 982 3505 erant
998 3447 1096 3523 artes,
1122 3440 1240 3521 quibus
1256 3439 1433 3522 Sophocles
1458 3437 1574 3518 effecit,

354 3553 390 3612 ut
412 3547 500 3613 actio
518 3547 704 3612 fabularum
728 3547 824 3613 nnius
846 3546 912 3612 diei
935 3547 1053 3613 finibus
1078 3555 1292 3614 coerceretur.
1331 3547 1441 3628 Atque
1464 3546 1500 3612 in
1516 3565 1574 3626 qno

353 3653 494 3720 maiores
518 3653 690 3736 angustias
713 3659 811 3736 poeta
834 3653 895 3719 hoc
918 3649 1123 3737 viuculo,‘ut
1145 3655 1194 3721 ita
1218 3655 1334 3737 dicam,
1360 3659 1494 3722 coactus
1518 3659 1574 3734 est,

353 3780 391 3826 eo
415 3761 521 3843 magis
545 3759 771 3840 admirandum
795 3768 855 3843 est,
880 3780 944 3842 qna
968 3761 1143 3844 diligentia
1168 3771 1201 3828 et
1216 3781 1278 3842 quo
1303 3761 1436 3845 ingenio
1460 3780 1496 3826 se
1520 3760 1574 3826 illo

354 3867 578 3935 extricaverit.
633 3866 723 3950 Quae
753 3887 806 3935 res
837 3869 1008 3952 Sophoclis
1039 3871 1105 3936 arti
1135 3889 1199 3936 non
1230 3869 1361 3935 obstitit
1392 3869 1450 3934 sed
1481 3865 1574 3946 fauit,

354 3975 474 4057 quippe
504 3975 596 4041 cuius
626 3974 803 4057 plurimum
834 3976 1008 4042 interesset
1038 3977 1274 4059 compositione
1304 3994 1413 4042 rerum
1443 3975 1511 4041 vim
1543 3975 1574 4040 iu

353 4083 483 4148 actione
506 4083 647 4166 positam
672 4090 827 4163 qnantum
851 4084 981 4165 quidem
1005 4091 1116 4166 posset
1143 4103 1274 4166 augere.
1317 4082 1402 4149 Nam
1431 4081 1574 4148 utactio

353 4190 495 4273 Oedipi
518 4191 638 4273 Regis
671 4191 706 4256 in
736 4192 919 4273 complures
950 4192 1020 4257 dies
1051 4191 1286 4272 distribuatur,
1321 4190 1373 4258 vis
1403 4209 1513 4256 rerum
1542 4189 1573 4253 iu

353 4297 445 4362 illum
480 4298 742 4364 concurrentium
773 4316 869 4378 quam
904 4299 1046 4364 maxime
1081 4298 1249 4365 minuitur.
1297 4296 1387 4380 Quae
1422 4316 1495 4363 cum
1529 4296 1573 4361 ita

353 4403 429 4486 sint,
454 4404 591 4471 tolerari
613 4411 723 4488 potest
746 4406 831 4485 qnod
847 4405 992 4488 Oedipus
1016 4413 1093 4472 tunc
1117 4407 1254 4488 demum,
1279 4423 1351 4471 cnm
1375 4405 1481 4472 Creon
1504 4421 1572 4470 ora-

352 4550 564 4558 u———-—-

445 4619 462 4688 ¹)
483 4619 524 4675 cf.
545 4618 687 4686 Corneillc,
707 4619 829 4674 discours
849 4619 895 4674 des
909 4621 977 4673 trois
997 4621 1089 4674 anites
1113 4636 1137 4688 p.
1153 4620 1211 4676 112.
1250 4617 1372 4689 Schlegel
1392 4618 1409 4674 l.
1421 4635 1442 4673 c.
1462 4633 1487 4686 p.
1496 4617 1570 4680 26so.
