3522 5310
911 293 1028 392 re·

824 385 900 392 0-—

343 487 471 574 tulogus
496 499 622 576 septem
648 490 844 575 sapientium
868 491 917 554 eis
942 497 1100 577 acceptus
1125 499 1203 568 eret,
1229 511 1292 576 quo
1316 489 1438 577 placite
1461 513 1522 554 sua

344 594 514 682 discipulis
539 595 704 660 illustrare
728 605 875 683 possent.

432 702 549 768 Dicta
586 713 734 788 septem
771 703 1017 789 sapientibus
1059 703 1208 769 tributa
1244 703 1399 770 omnino
1433 704 1520 791 phi-

343 809 564 896 losophicis
581 813 704 875 sectis
721 809 944 875 uberrimus
968 811 1055 876 fons
1081 821 1206 894 erant,
1232 834 1332 898 equo
1357 834 1521 898 unaquae-

344 940 407 1003 que
432 918 716 1004 interpretationes
741 927 773 982 et
797 917 1034 1004 explicationes
1059 917 1189 983 haurire
1215 920 1329 1005 potuit,
1359 929 1457 1005 atque
1485 941 1520 983 re

343 1046 422 1088 vera
446 1026 535 1089 varie
560 1025 642 1089 haec
667 1025 753 1089 dicto
778 1023 934 1112 explicari
955 1034 1114 1111 poterant,
1140 1025 1351 1112 quamobrem
1368 1024 1440 1090 fieri
1456 1047 1521 1090 non

343 1133 447 1216 potuit
470 1133 549 1217 quin
572 1129 729 1196 nonnulle
753 1133 850 1196 etiam
875 1155 977 1218 prava
1002 1131 1139 1196 consilia
1161 1141 1353 1219 putarentur
1370 1131 1518 1214 (Aristot.

341 1238 473 1302 Rhetor.
491 1237 542 1302 llI
568 1238 608 1303 12
634 1239 706 1324 sq.).
743 1240 855 1325 Atque
873 1237 1017 1325 Cynicos
1042 1248 1075 1304 et
1096 1239 1306 1326 Pyrrhoneos
1332 1250 1365 1304 et
1389 1241 1517 1306 Stoicos

342 1344 425 1410 haec
449 1344 568 1431 placite
591 1345 762 1432 amplexos
787 1367 862 1411 esse
886 1345 982 1411 nobis
1006 1348 1104 1411 etiam
1129 1348 1200 1410 sine
1221 1347 1381 1432 Diogenis
1397 1347 1520 1412 Laertii

342 1454 529 1518 testimonio
558 1451 822 1518 concludendum
851 1462 951 1534 esset,
988 1455 1043 1539 qui
1077 1453 1156 1518 dicit
1183 1453 1235 1518 IX
1261 1453 1297 1517 71
1338 1458 1441 1523 ἔπειτα
1469 1461 1521 1522 καὶ

342 1574 402 1630 τῶν
426 1564 503 1629 ἑπτὰ
526 1574 629 1653 σοφῶν
653 1567 802 1629 σκεπτικὰ
826 1561 901 1628 οϊναι
925 1560 985 1630 οἷον
1012 1568 1049 1629 τὸ
1074 1567 1180 1651 ’μηδὲν
1209 1564 1297 1652 άγαν’
1326 1567 1378 1630 καὶ
1401 1567 1518 1652 (ἐγγύα,

342 1675 424 1760 πάρα
438 1667 467 1736 δ’
486 1671 568 1736 ἄτα’.
594 1665 644 1732 Of.
663 1666 860 1733 Aristoteles
877 1667 966 1754 apud
982 1666 1194 1733 Plutarchum
1211 1668 1284 1734 adr.
1303 1666 1407 1733 Uolot.
1426 1669 1469 1733 20
1486 1700 1518 1722 :-

343 1776 446 1840 Arist
471 1776 532 1860 frg.
560 1777 576 1838 1
602 1775 688 1839 Rose
718 1774 833 1859 (1886)
861 1783 912 1843 καὶ
941 1789 1001 1844 τῶν
1029 1781 1060 1844 ἐν
1082 1781 1210 1868 Δελφοῖς
1237 1783 1428 1869 γραμμάτων
1456 1782 1519 1845 eo-

343 1891 456 1953 ότατον
481 1887 582 1952 ἐδόκει
608 1888 645 1950 τὸ
665 1886 773 1970 εγνῶθι
796 1884 926 1963 σαυτόν’,
959 1885 975 1950 ὃ
1002 1889 1042 1967 δὴ
1066 1890 1118 1952 καὶ
1141 1888 1297 1975 Σωκράτει
1321 1889 1446 1974 ἀπορίας
1470 1890 1521 1952 καὶ

342 1997 498 2075 ζητήσεως
519 1993 633 2075 ταύτης
655 1993 748 2082 ἀρχὴν
784 1995 937 2058 ἐνέδωκεν.
985 1989 1148 2055 Plutarch.
1175 1989 1214 2054 de
1240 1995 1255 2058 ἐ
1283 1988 1392 2076 delph.
1418 1991 1438 2054 2
1462 1995 1519 2081 ὅρα

341 2103 377 2164 δὲ
401 2103 453 2165 καὶ
475 2103 564 2165 ταυτὶ
588 2104 628 2164 τὰ
652 2102 889 2188 προγράμματα,
925 2103 962 2164 τὸ
986 2101 1094 2187 ’γνῶθι
1123 2101 1245 2164 σαοτὸν’
1275 2103 1326 2166 καὶ
1353 2104 1390 2166 τὸ
1415 2103 1521 2189 ’μηδὲν

342 2208 442 2296 άγαν’,
473 2209 549 2285 ὅσας
575 2209 715 2289 ζητήσεις
749 2211 886 2288 κεκίνηκε
910 2209 1088 2296 φιλοσόφοις
1110 2209 1162 2272 καὶ
1185 2209 1255 2272 ὅσον
1278 2210 1380 2294 λόγων
1403 2209 1521 2288 πλῆθος

343 2311 394 2405 ἀφ’
419 2315 551 2380 ἑκάστου
575 2316 715 2403 καθάπερ
750 2314 808 2379 ἀπὸ
837 2319 1011 2402 σπέρματος
1034 2315 1233 2403 ἀναπέφυκεν.
1281 2311 1389 2397 Atque
1414 2313 1446 2375 in
1472 2313 1520 2375 eis

344 2441 427 2505 quae
452 2418 620 2483 Diodorus
644 2416 695 2482 ΙΧ
718 2419 738 2482 9
767 2417 824 2501 (10
846 2419 880 2481 in
903 2416 979 2482 edit.
1005 2417 1135 2503 Vogel.)
1160 2429 1279 2499 narrat,
1316 2417 1399 2483 tales
1423 2419 1518 2484 inter·

343 2528 542 2612 prolationes
567 2526 727 2590 dictorum
753 2535 880 2612 septem
897 2525 1091 2612 sapientium
1110 2524 1210 2590 latere
1236 2524 1287 2589 vel
1311 2528 1419 2612 potius
1445 2549 1520 2590 esse

344 2635 417 2720 quis
443 2632 563 2718 neget?
597 2633 640 2698 Et
664 2633 726 2699 hee
751 2654 934 2720 quoquere
952 2633 1172 2714 confirmatur,
1198 2633 1286 2720 quod
1310 2633 1350 2697 de
1376 2631 1520 2698 fontibus
1564 2619 1568 2627 ¹

343 2740 462 2828 quibus
498 2742 530 2805 in
565 2739 648 2805 libro
672 2762 758 2805 nono
782 2761 864 2805 usus
889 2751 949 2821 est,
981 2750 1119 2820 constat,
1152 2739 1333 2805 Diodorum
1359 2742 1392 2806 in
1416 2743 1521 2827 prima

343 2859 434 2935 parte
467 2846 541 2912 libri
571 2851 649 2913 noni
684 2857 850 2912 auctorem
885 2849 1027 2912 maxime
1053 2870 1093 2912 ex
1118 2848 1298 2933 Hermippo
1323 2847 1520 2934 pendentem

344 2965 494 3020 secutum
519 2955 637 3040 esse.¹)

343 3065 388 3072 ψ-
399 3065 406 3072 ο
434 3066 556 3072 ---—.—.

434 3134 453 3197 ¹)
475 3131 515 3184 Cf.
536 3132 570 3184 de
590 3131 783 3192 Wilemowitz,
804 3131 921 3185 Hermes
941 3130 1017 3183 XXV
1037 3129 1128 3196 (1890)
1147 3149 1174 3199 p.
1197 3129 1248 3183 196
1267 3147 1308 3199 sq.
1328 3130 1442 3184 Aristot.
1463 3131 1519 3183 und

342 3221 436 3274 Athen
450 3223 460 3275 l
475 3240 501 3290 p.
516 3221 568 3274 266
582 3222 645 3274 adn.
661 3219 707 3274 13:
729 3221 781 3284 „So
796 3219 906 3274 einfech
926 3221 995 3288 liegt
1009 3221 1067 3274 also
1081 3220 1130 3274 des
1145 3219 1418 3285 Quellenverh'rtltnis
1433 3219 1520 3282 nicht,

343 3311 407 3365 dass
432 3311 573 3372 Plutarch,
605 3310 743 3378 Diogenes
771 3309 828 3363 und
852 3309 964 3376 Diodor,
993 3311 1045 3364 alle
1075 3309 1134 3363 drei
1164 3309 1257 3362 direkt
1286 3308 1335 3362 suf
1352 3308 1520 3378 Hermippus

342 3398 559 3469 zurltckgingen.
599 3399 701 3454 Diesen
729 3400 817 3452 selbot
845 3401 896 3452 hat
923 3417 975 3454 nur
1003 3399 1136 3452 Plutarch
1164 3399 1279 3467 gehebt
1309 3397 1450 3468 Diogenes
1479 3416 1519 3451 rc-

343 3489 514 3559 prteenticrt
533 3490 586 3543 den
607 3490 700 3544 Str-om
721 3490 771 3542 der
792 3487 1151 3558 Philosophenbiogrephie,
1181 3489 1232 3542 wie
1257 3505 1287 3540 er
1311 3491 1383 3541 etwa
1406 3504 1438 3540 zu
1460 3488 1520 3540 l’lu·

345 3581 438 3634 terrhs
458 3579 518 3632 Zeit
537 3579 594 3633 sich
616 3579 774 3640 darstellte;
796 3578 902 3632 Diodor
921 3579 977 3642 hat,
1002 3577 1144 3632 vielleicht
1163 3577 1243 3632 nicht
1260 3576 1451 3638 unmittelber‚
1471 3593 1520 3630 sus

343 3669 503 3723 demrelben
523 3669 634 3722 Strorne
656 3669 707 3722 lt'rtt
724 3667 811 3722 Jsbre
839 3667 936 3722 friiher
964 3667 1122 3736 geschdplt.
1162 3667 1236 3720 dher
1261 3667 1352 3720 dieser
1372 3667 1465 3720 Strom
1484 3667 1521 3719 ist

344 3759 480 3826 derectbe,
510 3758 556 3812 die
577 3757 723 3812 Tradition
753 3775 808 3812 von
836 3759 889 3812 den
914 3759 928 3810 7
949 3757 1072 3818 Weisen.
1102 3755 1276 3825 heineswegs
1302 3756 1346 3810 die
1365 3773 1419 3811 von
1440 3755 1522 3808 Solon

343 3848 439 3912 alteim
467 3847 592 3918 Ephoros
616 3849 656 3900 ets
679 3847 775 3911 Quellc
796 3847 914 3902 Diodors
938 3846 976 3901 ist
994 3845 1040 3900 fr‘tr
1055 3847 1149 3916 jeden
1180 3846 1230 3899 der
1259 3846 1302 3899 die
1320 3845 1522 3898 Perellolr'iber-

345 3938 484 4006 liefernng
503 3937 599 4007 kennt,
619 3937 809 3990 undenlrbnr:
