3428 5310
758 408 777 470 7

150 630 248 706 atque
271 624 405 691 nuntius
429 624 550 690 Troiae
573 631 690 706 captae
713 642 772 707 per
795 622 890 705 ignes
913 621 1173 706 Clytaemestrae
1196 621 1376 709 allatus?²)

151 732 210 799 Oui
234 732 299 798 erit
312 731 573 813 respondendum
597 731 632 796 in
649 732 893 813 Agamemnone
917 729 1034 812 peragi
1057 748 1111 795 res
1134 730 1259 796 iamdiu
1282 749 1377 812 prae-

151 840 282 922 teritas,
321 839 355 904 in
385 837 498 905 Persis
526 843 635 904 autem
665 857 722 904 eas
750 856 834 918 qnae
864 856 928 917 quo
959 838 1054 904 modo
1084 842 1239 919 peractae
1270 844 1379 904 essent

150 949 191 1014 ab
217 946 367 1014 omnibus
391 945 548 1012 memorie
572 948 754 1012 tenebatur.
1104 1033 1107 1040 Ι

240 1054 331 1139 Quae
354 1072 427 1120 cum
450 1053 499 1119 ita
522 1053 603 1134 sint,
632 1071 698 1120 non
722 1060 772 1119 est
794 1052 979 1118 mirandum
1002 1039 1201 1136 Aeschylum
1231 1071 1268 1118 eo
1292 1053 1378 1132 quod

148 1162 255 1246 legem
278 1161 370 1227 illam
395 1161 487 1242 sequi
510 1160 656 1243 studeat,
685 1161 773 1227 haud
795 1179 872 1226 raro
897 1159 1031 1242 adduci,
1063 1167 1100 1225 ut
1121 1179 1185 1226 res
1209 1160 1314 1226 inter
1336 1179 1376 1225 se

149 1269 448 1337 diversissimas
479 1287 563 1350 quae
593 1268 684 1334 nullo
713 1269 809 1334 modo
838 1268 950 1334 eodem
979 1267 1031 1333 die
1059 1267 1133 1333 fieri
1163 1267 1304 1350 possint,
1338 1267 1377 1333 in

148 1376 320 1460 spatium
344 1375 458 1442 onius
482 1376 564 1442 diei
588 1375 807 1443 contrahat.

239 1485 280 1551 In
303 1483 559 1567 supplicibus
589 1483 675 1550 enim
699 1483 835 1549 Danaus
863 1483 920 1549 uhi
948 1483 1090 1564 primum
1113 1482 1260 1566 Aegypti
1290 1481 1377 1548 filios

146 1593 242 1660 litori
270 1591 571 1675 appropinquantes
595 1590 780 1673 conspexit,
809 1589 897 1656 filias
926 1590 1046 1656 timore
1072 1589 1217 1656 liberare
1241 1594 1379 1654 conatur

148 1721 186 1768 co
221 1701 307 1781 quod
341 1698 415 1764 fieri
447 1699 513 1765 iam
544 1717 610 1765 non
643 1717 740 1780 posse
775 1697 870 1780 dicit,
906 1702 943 1763 ut
974 1697 1086 1764 hostes
1118 1715 1156 1763 eo
1191 1695 1243 1762 die
1275 1713 1376 1762 naves

147 1805 329 1891 appellant,
354 1806 549 1888 praesertim
573 1824 647 1872 cum
670 1805 720 1872 sol
744 1805 811 1872 iam
834 1805 979 1873 occidat:

148 1937 180 1984 v.
201 1914 371 1981 768-70:
397 1909 505 1989 ἄλλως
526 1936 562 1980 τε
584 1912 640 1978 καί
663 1909 820 1996 μολόντες
842 1907 999 1996 οίλίμενον
1022 1907 1131 1992 χθόνα

395 2027 433 2106 ἐς
456 2026 559 2096 νύκτ’
582 2027 894 2111 ἀποστείχοντος
917 2026 1046 2118 ἦίίον·
1071 2028 1164 2117 φιλεῖ

396 2133 502 2204 ω’δῖνα
523 2137 645 2204 τίκτειν
668 2132 727 2221 νὺξ
749 2135 929 2225 κυβερνήτῃ
953 2138 1057 2226 σοφῷ.

239 2257 356 2324 Danao
381 2255 495 2340 igitur,
518 2255 592 2322 viro
616 2255 666 2322 rei
689 2255 819 2322 navalis
835 2255 952 2337 perito,
978 2273 1050 2320 cum
1073 2253 1176 2320 solem
1200 2253 1266 2320 iam
1290 2252 1376 2319 occi·

146 2368 279 2432 dentem
302 2363 425 2447 videat,
455 2368 505 2430 est
527 2381 720 2446 persuasum
742 2363 804 2429 hoc
828 2361 895 2428 diei
917 2367 1063 2444 tempore
1086 2360 1197 2427 hostes
1222 2360 1288 2426 iam
1311 2379 1377 2426 non

145 2492 252 2540 naves
275 2471 471 2554 appulsuros
499 2487 587 2550 esse;
619 2487 723 2550 neque
752 2469 838 2536 enim
867 2468 966 2535 aliter
993 2467 1145 2551 intellegi
1171 2472 1280 2550 potest
1303 2486 1375 2533 eum

144 2582 184 2647 in
218 2584 309 2646 tanto
343 2577 533 2644 discrimine
566 2595 674 2643 rerum
709 2575 798 2642 filias
829 2576 946 2642 timore
980 2580 1096 2658 captas
1126 2576 1285 2642 deserere.
1339 2574 1376 2641 si

145 2686 235 2754 enim
268 2685 453 2768 putavisset
485 2684 557 2750 fore
593 2689 630 2749 ut
661 2691 836 2763 antequam
868 2682 1036 2765 rediisset,
1070 2682 1133 2748 filii
1162 2681 1309 2766 Aegypti
1341 2681 1376 2747 in

143 2795 256 2861 lucum
279 2792 500 2875 pervenirent,
524 2809 688 2872 nunquam
711 2792 783 2858 loco
808 2791 1002 2857 decessisset
1026 2789 1082 2877 (cf.
1107 2810 1138 2858 y.
1158 2788 1306 2875 rasso).

237 2899 475 2968 Nihilominus
491 2899 590 2981 paulo
605 2905 681 2981 post
696 2899 874 2980 Danaides
891 2915 1087 2978 quamquam
1103 2897 1231 2963 interea
1248 2902 1374 2963 noctem

145 3007 352 3091 appetivisse
382 3008 562 3089 putandum
593 3012 643 3072 est
673 3005 734 3092 (cf.
758 3026 789 3088 p.
808 3003 856 3092 3),
894 3005 969 3072 illos
1001 3024 1019 3071 e
1048 3005 1189 3071 navibus
1219 3010 1375 3070 exeuntes

145 3115 357 3198 conspiciunt
379 3113 423 3199 (v.
440 3112 618 3200 sas-35).
658 3114 731 3199 Qua
754 3133 789 3178 re
813 3114 899 3194 qnod
922 3112 1111 3195 supradixi
1133 3114 1376 3179 demonstratur

146 3221 347 3305 Aeschylum
371 3220 615 3288 diversissimas
638 3239 691 3287 res
715 3240 812 3286 unum
836 3220 871 3286 in
895 3221 980 3286 diem
1005 3239 1130 3302 cogere.
1239 3212 1246 3290 s

238 3329 354 3397 Simile
378 3327 561 3410 exemplum
584 3331 744 3411 praebent
766 3327 1032 3410 Ghoephoroc,
1061 3327 1097 3392 in
1121 3327 1238 3408 quihus
1263 3344 1376 3407 qnam·

146 3455 246 3519 quam
271 3435 404 3503 Orestes
428 3435 516 3502 dixit
538 3435 582 3522 (v.
599 3433 784 3521 660-61):

363 3549 483 3634 τάχυνε
506 3549 546 3632 d',
570 3550 615 3630 ὠς
637 3553 693 3620 καί
716 3549 854 3630 νυκτὸς
876 3549 969 3641 ἅρμ’
992 3549 1193 3637 ἐπείγεται

365 3657 568 3727 σκοτεινόν
591 3660 647 3746 (cf.
673 3661 774 3727 etiam
797 3680 827 3727 v.
847 3658 1024 3745 710-11),

148 3787 260 3847 tamen
282 3778 355 3861 ipse
377 3797 474 3845 versu
498 3779 573 3860 985,
599 3779 655 3844 ubi
680 3777 765 3844 diem
790 3777 857 3844 iam
879 3777 1011 3860 longius
1035 3778 1235 3859 processisse
1258 3783 1376 3859 putan-

149 3888 226 3953 dum
255 3884 354 3972 τοτ’),
388 3885 458 3953 Soli
486 3903 570 3966 quae
600 3885 802 3952 commiserit
829 3883 981 3952 facinora
1008 3886 1160 3952 ostendit.
1208 3885 1313 3970 Quem
1341 3885 1376 3950 in

148 3993 405 4076 discrepantiam
421 4012 530 4059 rerum
553 3999 683 4076 poetam
702 3993 852 4059 hocloco
875 4012 940 4058 non
956 3992 1025 4058 alie
1041 3993 1081 4058 de
1097 4011 1197 4059 causa
1220 3991 1376 4059 incidisse

149 4107 249 4182 atque
272 4100 308 4166 in
331 4099 542 4183 Supplicious
566 4099 649 4167 satis
673 4107 823 4183 apertum
846 4105 905 4166 est.

238 4207 343 4275 Multo
366 4208 483 4275 melius
508 4214 617 4275 autem
640 4207 684 4275 iis
708 4225 789 4288 quas
813 4187 911 4274 attuli
934 4206 1117 4288 tragoediis
1141 4207 1375 4289 Agamemno

149 4315 266 4384 fabula
288 4322 482 4400 argumento
506 4335 578 4383 esse
600 4315 683 4382 mihi
698 4315 839 4396 videtur,
865 4321 1066 4397 quantopere
1082 4313 1266 4398 Aeschylus
1289 4314 1375 4394 quod

240 4533 250 4564 1

239 4531 261 4690 ’ί
280 4530 477 4690 &efflaturum
496 4618 639 4688 Alschylos
658 4619 773 4689 Orestie,
793 4617 829 4675 H.
843 4617 938 4688 Stdclr,
955 4633 981 4687 p.
995 4618 1037 4674 46.
