3452 5316
770 395 884 459 3‘1·

182 611 234 692 62,
251 641 277 678 18
311 607 353 673 El
375 605 435 696 γὰρ
459 605 517 696 την
542 575 645 696 α’ργην
669 607 687 696 η
712 634 766 691 μι-
824 610 863 674 de
888 608 968 690 opis.
990 609 1052 672 118
1083 607 1205 674 Καίτοι
1221 631 1255 692 γε
1272 606 1308 672 τὸ
1329 631 1408 692 γνω-

225 713 288 804 κρά
311 741 363 792 τις
379 716 434 781 καί
458 712 606 791 οίνείδεος
629 711 768 804 ὑγρότης

227 821 304 888 ίίλον
347 819 529 911 ἄνθρωπον
573 819 767 910 οίπεκύησεν,

227 927 285 996 οὐκ
317 927 358 996 ἂν
388 927 437 995 ἔτι
469 927 702 1012 θαυμάσαιμι,
738 927 768 994 εί

227 1035 302 1102 ίίλου
324 1041 385 1103 τοῦ
405 1034 590 1126 α’νθριιίπου
613 1035 650 1102 τὸ
673 1038 767 1120 σῶμα

226 1149 297 1220 τοῖς
335 1143 511 1226 στοιχείοις
555 1142 767 1232 κατασπαρὲν

227 1249 266 1316 οὐ
289 1249 404 1330 πλέον,
435 1248 508 1316 ἀλλ’
532 1248 613 1318 αὐτὸ
641 1249 679 1317 τὸ
710 1249 766 1334 μὲ-

225 1383 303 1445 τρου
326 1357 506 1426 α’πὲδωκεν.

868 712 1054 802 ριμώτατον
1069 717 1135 780 τῶν
1159 712 1326 803 ἡμετέρων
1342 713 1408 782 ε’σι-

867 819 1057 910 ωπήσαμεν,
1105 819 1207 910 αὐτὴν
1238 820 1319 907 λέγω
1350 820 1409 912 την

867 927 1001 1017 πρώτην
1024 933 1082 1017 τῆς
1104 925 1293 1006 συστάσεως
1318 928 1409 1018 ἡμῶν

867 1033 1023 1125 οίφορμὴυ
1155 1035 1213 1113 Τίς
1241 1034 1271 1102 δ’
1294 1033 1335 1103 ἂν
1361 1036 1407 1126 μὴ

866 1147 906 1230 τῇ
935 1147 1028 1231 κοινῇ
1056 1140 1158 1232 φύσει
1191 1141 1229 1210 τὸ
1257 1147 1408 1211 τοιοῦτον

866 1246 989 1334 (calloio
1015 1248 1156 1317 δυνατὸν
1185 1249 1341 1340 ἡγήσαιτο
1369 1250 1407 1317 τὸ

866 1355 1070 1443 γιγνόμενον,
1102 1354 1214 1425 ὅτιτὸ
1242 1357 1350 1448 βραχύ
1372 1385 1408 1426 τε

865 1466 920 1532 καὶ
950 1462 1019 1532 ἀντ’
1043 1463 1177 1543 οὐδενὸς
1210 1464 1313 1532 ἐκεῖνο
1347 1470 1408 1533 τοῦ

864 1572 1025 1639 τοσούτου
1074 1571 1269 1663 πράγματός
1317 1573 1407 1641 ἐστιν

865 1677 959 1768 αἰτή·

271 1789 419 1870 Longum
444 1793 494 1853 est
517 1793 620 1853 totum
644 1787 749 1852 locum
774 1786 904 1870 afferre,
929 1788 985 1868 qui
1015 1795 1126 1854 exstat
1153 1790 1193 1855 de
1217 1789 1315 1856 anim.
1342 1789 1406 1856 256

178 1895 295 1961 B-D.
342 1894 509 1961 Nonnulla
537 1894 640 1961 solum
665 1895 812 1977 afferam,
843 1914 926 1975 quae
953 1895 1110 1961 maiorem
1133 1899 1293 1977 praebent
1315 1896 1405 1961 simi-

177 2003 368 2068 litudinem:

178 2113 260 2192 63,ι
296 2106 379 2175 otto
402 2107 554 2198 γίγαρτον
576 2107 766 2175 κατασαπὲν
820 2111 860 2175 de
890 2110 1001 2174 anima
1032 2110 1138 2178 2560
1188 2113 1263 2176 Ποῦ
1294 2109 1406 2177 τοίνυν

226 2215 305 2305 ὅλην
338 2215 513 2304 ἐχορήγησε
553 2215 629 2305 (τὴν
660 2213 765 2299 ἄμπε-
864 2220 969 2282 ταῦτα
996 2214 1037 2282 τὰ
1062 2218 1140 2307 περὶ
1163 2214 1220 2282 τὸν
1249 2223 1341 2285 σῖτον
1366 2210 1404 2305 ἦν

225 2326 306 2402 λον).
335 2328 409 2390 Ποῦ
432 2323 544 2390 τοίνυν
560 2321 597 2389 τό
615 2321 766 2404 στέλεχος
864 2321 930 2412 πρὸ
957 2328 1015 2412 τῆς
1045 2323 1080 2390 ἐν
1107 2329 1147 2411 τῇ
1176 2321 1271 2410 βώλῳ
1300 2323 1405 2390 αὐτοῦ

225 2429 423 2520 ἐκρύπτετος
446 2435 512 2496 ποῦ
536 2427 576 2519 tir}
596 2427 637 2496 τὰ
660 2430 765 2518 μυρία
864 2429 1063 2508 διαλύσεωςς

225 2537 352 2628 (μύλλος
374 2536 445 2606 ὁδί
467 2534 594 2628 καρπὸς
614 2541 680 2604 ποῦ
698 2539 764 2605 διε-

224 2644 413 2723 λάνθανεν,ι

178 2757 264 2837 64,τ
311 2755 380 2820 Καὶ
407 2749 472 2842 μὴν
494 2749 617 2840 ταύτην
644 2750 703 2840 τὴν
726 2750 763 2818 α’-
819 2754 858 2818 de
881 2752 962 2835 opis.
988 2753 1051 2819 110
1082 2750 1212 2842 ἘπειδηἸ
1235 2749 1296 2840 γὰρ
1320 2752 1403 2838 μέγα

222 2861 360 2928 πιστίαν
386 2858 577 2950 προανελὼν
605 2862 764 2948 δημιουρ·
862 2860 917 2925 καὶ
945 2857 1030 2948 ὑπὲρ
1054 2859 1169 2926 πίστιν
1197 2852 1235 2948 ἦν
1258 2859 1295 2925 τὸ
1319 2859 1402 2927 κατὰ

222 2967 278 3054 γός
301 2972 446 3036 τοσαῦτα
470 2965 631 3050 θαύματα
655 2991 763 3055 παρα·
862 2963 921 3055 τὴν
953 2963 1157 3033 α’ναστασίσν
1187 2972 1316 3052 θαῦμα,
1347 2966 1403 3035 διὰ

222 3073 348 3165 πλήσια
373 3075 521 3152 δίδωσιν,
547 3073 592 3151 (ὃς
615 3070 656 3140 ἂν
679 3073 763 3161 μηδὲ
862 3077 927 3140 τῶν
950 3071 1124 3163 κατωτέρω
1148 3077 1205 3163 τῆς
1230 3084 1404 3160 θαυματο-

223 3183 328 3250 ἒκεῖνο
368 3181 506 3272 ὕστερον
546 3178 687 3248 ἄπιστον
729 3178 762 3246 ὀ-
863 3181 978 3258 ποιίας
1000 3179 1185 3270 ἀρξάμενος
1206 3179 1311 3271 ἠρέμα
1332 3209 1404 3261 πως

222 3291 328 3381 orteia]
862 3287 921 3377 την
948 3288 1063 3355 πίστιν
1087 3287 1178 3377 ἡμῶν
1206 3291 1404 3379 προσεθίζει

862 3401 933 3472 τοῖς
957 3395 1099 3480 μείζοσι.

267 3506 389 3574 Exstat
411 3507 446 3571 in
468 3506 623 3588 Gregorii
647 3505 780 3588 dialogo
805 3505 860 3586 qui
884 3505 1078 3571 inscribitur
1093 3505 1144 3571 De
1168 3505 1278 3572 anima
1301 3505 1403 3590 loouS,

176 3634 240 3696 quo
265 3614 469 3679 clarissimus
499 3612 555 3678 ille
579 3612 633 3680 uir
661 3612 804 3678 ostendit
834 3612 901 3677 iam
924 3612 1061 3678 Paulum
1085 3613 1270 3694 apostolum
1294 3614 1404 3679 omnia

175 3727 380 3804 argumenta,
410 3740 493 3801 quae
518 3721 726 3786 obicerentur
754 3720 923 3786 doetrinae
947 3720 1201 3786 christianorum
1232 3722 1272 3786 de
1294 3740 1404 3786 resur-

174 3829 323 3896 reetione
349 3829 551 3894 refutavisse
582 3829 616 3893 in
640 3827 854 3894 celeberrima
884 3828 944 3893 illa
974 3829 1016 3893 ad
1040 3827 1227 3893 Corinthios
1259 3828 1403 3909 epistula

175 3936 284 4020 prima
322 3935 356 4021 (l
380 3955 451 4018 cap.
469 3936 541 4018 XV,
558 3935 614 4020 ιε).
667 3934 757 4000 Idem
792 3935 891 4000 affert
925 3934 1226 4016 interpretaturque
1262 3934 1402 4016 diligen-

175 4043 305 4110 tissime
336 4049 440 4109 totum
470 4042 562 4108 illum
595 4043 711 4108 locum.
765 4041 942 4109 Simillima
974 4048 1083 4108 autem
1116 4041 1403 4124 argumentatione

176 4157 276 4232 atque
299 4150 423 4216 Paulus
447 4170 524 4217 usus
549 4157 598 4216 est
612 4151 751 4216 Aeneas.
798 4150 924 4233 Itaque,
950 4170 1022 4216 oum
1046 4149 1241 4216 evicerimus
1257 4149 1403 4215 Aeneam

175 4265 358 4326 mutuatum
383 4277 452 4325 esse
475 4258 639 4341 permulta
662 4259 872 4340 aGregorio,
897 4279 938 4324 ex
961 4259 1023 4324 hoe
1046 4258 1118 4324 looo
1141 4276 1207 4322 non
1223 4258 1402 4339 eugendum

176 4373 227 4433 est
259 4386 332 4431 eum
362 4365 484 4449 legisse
515 4365 619 4431 libros
649 4365 789 4432 divinos
844 4365 994 4431 Ceterum
1025 4365 1117 4430 nulla
1146 4363 1228 4428 mihi
1259 4364 1403 4430 occurrit

175 4473 359 4540 similitudo
394 4473 448 4540 oui
485 4473 648 4539 confidere
688 4473 860 4554 possimus
915 4473 1022 4540 Unum
1055 4472 1161 4538 locum
1203 4471 1315 4538 inveni
1346 4472 1402 4551 qui

176 4579 303 4663 aliquid
326 4581 433 4647 simile
457 4583 630 4662 praebeat:
