3442 5324
654 427 862 528 *οὲ-

359 639 420 725 ἕγιδ
443 637 504 728 γὰρ
528 638 576 717 εἰς
598 638 686 706 τοῦτ’
710 637 856 729 ἐκβέβηκ’
880 637 1069 728 ἀλγηδόνος,

360 745 446 814 ὥσθ’
468 746 584 838 ἵμερός
605 746 640 833 μ’
662 747 795 836 ὑπῆλθε
817 753 860 835 γῇ
883 772 923 813 τε
946 744 1121 836 κούρανῷ

359 853 469 939 λέξαι
492 853 666 942 notorior]
694 857 811 944 δεῦρο
835 854 1017 944 Μηδείας
1038 852 1167 936 τύχας.

235 1088 326 1172 Quae
354 1107 426 1154 cum
460 1088 508 1152 ita
538 1088 615 1169 sint,
647 1107 807 1170 personae
837 1089 881 1154 ad
909 1087 994 1154 alias
1017 1106 1070 1153 res
1101 1088 1307 1170 peragendas
1338 1087 1372 1152 in

131 1203 297 1262 ¹scaenam
337 1213 533 1277 progressae
573 1194 627 1260 hic
661 1195 731 1261 illic
765 1195 876 1261 facere
908 1215 973 1260 non
1010 1199 1147 1277 possunt
1187 1195 1265 1274 quin
1297 1194 1373 1260 illas

145 1322 228 1383 quae
261 1305 303 1368 ab
336 1302 433 1368 initio
469 1303 541 1384 ipso
574 1321 726 1368 scaenam
760 1306 886 1385 tenent,
922 1302 1021 1384 plane
1048 1302 1246 1384 neglegant,
1282 1301 1374 1368 velut

145 1409 346 1494 Hippolytus
366 1410 550 1475 Phaedram
576 1408 712 1475 inlecto
737 1410 897 1476 iacentem
922 1408 1260 1496 (Hipp.v.601sq.),
1285 1407 1373 1490 Nep-

144 1522 242 1583 tunus
266 1523 299 1582 et
314 1516 467 1582 Minerva
490 1517 659 1583 Hecubam
683 1516 773 1582 humi
792 1522 991 1599 prostratam
1013 1514 1164 1602 (Trood.
1182 1536 1213 1583 v.
1233 1515 1326 1601 1sq.)
1339 1514 1372 1600 ¹),

144 1623 314 1690 Menelaus
338 1624 487 1690 Orestem
511 1624 725 1717 dormientem
750 1622 890 1708 (Orest.
915 1644 946 1692 v.
964 1625 1029 1689 375
1042 1622 1113 1708 so).

234 1731 298 1796 illa
321 1731 450 1797 ratione
466 1731 645 1814 Euripides
668 1731 865 1813 assequitur,
891 1738 927 1797 ut
942 1737 1013 1798 tota
1036 1731 1153 1796 fabula
1176 1735 1252 1796 ante
1276 1730 1374 1795 aedes

144 1843 281 1920 agotum
314 1839 372 1904 sed
402 1838 491 1904 intra
520 1837 667 1904 fabulam
700 1839 805 1920 ipsam
834 1838 922 1904 haud
951 1857 1027 1904 raro
1058 1838 1097 1904 iit
1131 1844 1167 1903 ut
1195 1855 1268 1903 cum
1297 1837 1373 1903 aliis

144 1945 295 2026 personis
329 1945 363 2011 in
394 1945 531 2011 aedibus
555 1945 638 2027 ipsis
662 1946 873 2012 versantibus
902 1945 1070 2026 quaelibet
1100 1963 1153 2010 res
1184 1945 1373 2027 peragenda

144 2053 200 2118 sit.
247 2053 364 2133 ltaque
398 2053 568 2119 videamus
604 2053 710 2134 primo
746 2053 876 2133 quidem
910 2052 998 2134 loco,
1038 2070 1131 2133 quem
1167 2052 1209 2118 ad
1245 2051 1373 2117 modum

145 2158 335 2242 Euripides,
367 2159 401 2225 si
425 2179 522 2240 quae
545 2179 736 2242 personae
761 2159 855 2224 illas
884 2159 1040 2226 visendi
1069 2177 1187 2224 causa
1216 2160 1373 2240 adeunt,

145 2267 215 2332 bas
239 2267 430 2349 impediat
457 2287 502 2332 ue
525 2268 671 2334 domum
695 2268 819 2349 ipsam
843 2267 1053 2333 introeant.

236 2373 275 2440 In
302 2373 507 2440 Alcestidc
540 2374 626 2440 enim
654 2374 828 2457 Hercules,
862 2374 1053 2457 priusquam
1083 2374 1211 2440 domum
1242 2373 1376 2439 Admeti

144 2481 261 2564 intret,
302 2482 436 2547 chorum
475 2482 608 2548 ubinam
647 2481 704 2548 ille
739 2489 902 2564 versetur,
950 2482 1134 2564 interrogat
1171 2481 1223 2546 his
1264 2480 1374 2547 verbis

144 2592 189 2671 (v.
208 2588 393 2674 476-77);

362 2693 461 2780 ξένοι,
487 2695 631 2785 Φεραίας
653 2697 754 2784 τῆσδε
776 2699 925 2785 κωμῆται
948 2692 1081 2777 χθονός,

353 2799 521 2892 ’Ἀδμρτον
544 2801 579 2870 ἐν
602 2801 755 2888 δόμοισιν
779 2795 846 2892 ἆρα
868 2801 1029 2889 κιγχάνως

235 2919 298 2985 Sed
323 2926 449 2987 tantum
474 2924 568 2987 abest
591 2927 627 2986 ut
650 2921 711 2987 illa
733 2940 770 2986 re
793 2920 927 3003 cognita
951 2921 1109 3003 introeat,
1142 2926 1179 2987 ut
1202 2920 1299 2986 choro
1323 2919 1374 2984 in-

144 3027 331 3108 terroganti
360 3028 528 3110 explanet,
561 3028 647 3109 quod
678 3028 741 3094 iter
773 3029 921 3094 facturus
950 3028 1003 3094 sit.
1057 3028 1129 3112 Qua
1159 3047 1196 3093 re
1224 3027 1376 3092 confecta

146 3135 305 3200 Admetus
329 3135 400 3217 ipse
424 3155 503 3202 casu
529 3137 619 3202 foras
643 3136 714 3202 exit
737 3134 749 3221 (
770 3135 794 3201 f.
819 3155 850 3201 v.
868 3134 1075 3220 sor-508):

361 3251 416 3318 καὶ
439 3247 505 3339 μὴν
528 3247 577 3318 ὅδ’
600 3248 700 3327 αὐτὸς
722 3252 822 3340 τῆσδε
845 3250 998 3340 κοίρανος
1020 3247 1144 3331 χθονὸς

353 3355 521 3446 ’Ἀδμητος
543 3355 606 3442 ἔξω
630 3354 793 3441 δωμάτων
815 3355 1004 3447 πορεύεται.

237 3475 301 3559 Qui
337 3476 422 3556 quod
456 3475 561 3557 ipsius
597 3475 738 3541 maxime
773 3475 934 3540 interesse
969 3475 1123 3552 debebat,
1160 3493 1201 3540 ex
1233 3473 1376 3540 Hercule

147 3600 306 3662 quaerere
333 3582 431 3664 plane
451 3581 592 3665 omittit,
622 3601 687 3662 qua
710 3582 750 3647 de
773 3600 875 3648 causa
897 3580 1023 3646 Pheras
1051 3582 1143 3663 ipsas
1170 3580 1375 3664 pervenerit;

146 3708 224 3755 nam
248 3708 288 3755 ea
309 3689 439 3770 quidem
463 3690 503 3754 de
525 3709 562 3755 re
585 3695 788 3772 spectatores
812 3689 879 3755 iam
902 3708 961 3770 per
977 3689 1152 3754 Herculem
1175 3689 1283 3770 ipsum
1307 3707 1376 3753 cer-

147 3797 250 3864 tiores
285 3803 380 3863 erant
413 3797 504 3863 facti.
562 3795 676 3864 Solent
710 3797 796 3862 enim
831 3813 991 3878 personae
1028 3815 1093 3861 non
1128 3796 1169 3862 ad
1205 3815 1260 3861 eos
1296 3813 1376 3876 quos

148 3904 254 3970 visuri
284 3911 362 3970 sunt
393 3904 540 3970 homines
574 3904 714 3987 intrare,
747 3905 804 3970 sed
828 3905 926 3970 choro
957 3903 1010 3971 vel
1041 3903 1084 3968 iis
1115 3902 1265 3985 personis
1295 3921 1377 3982 quas

149 4011 236 4076 forte
266 4010 350 4077 ioris
373 4011 573 4078 conveniunt
596 4030 772 4094 exponere,
806 4030 869 4092 quo
892 4011 987 4078 modo
1016 4011 1078 4076 buc
1105 4009 1316 4092 pervenerint
1344 4014 1377 4074 et

148 4117 228 4198 quid
250 4117 316 4183 sibi
339 4117 453 4199 velint,
478 4119 581 4184 donec
605 4117 656 4183 illi
680 4118 746 4200 ipsi
769 4119 938 4200 prodeant.

149 4357 303 4413 vaunnam
328 4351 434 4426 τοῦψον
460 4354 496 4419 ὠς
519 4355 682 4412 &ruricort
721 4358 807 4424 Quem
830 4356 920 4411 locum
944 4357 1051 4411 Ennius
1071 4356 1155 4410 vertit
1182 4355 1276 4424 (Ribb.
1291 4354 1375 4424 Trag.

149 4448 225 4501 Rom.
239 4447 322 4517 irgm.
337 4447 348 4479 ⁸
366 4464 391 4515 p.
405 4448 458 4516 ol),
497 4447 604 4502 Similes
623 4446 697 4501 locos
717 4447 846 4501 Klotzius
865 4447 899 4500 ad
919 4462 1028 4501 versum
1047 4447 1082 4500 56
1101 4446 1225 4499 adnotat.

241 4538 260 4606 ¹)
280 4537 352 4591 Deos
371 4541 583 4607 προίαγίζονιας
601 4552 655 4590 non
675 4537 708 4590 de
725 4535 877 4606 theologeo,
898 4535 944 4590 sed
964 4535 1057 4590 eodem
1074 4535 1134 4589 loco
1153 4539 1236 4601 atque
1254 4533 1377 4588 homines

150 4643 231 4697 agere
249 4642 298 4695 pro
318 4631 392 4680 certo
410 4626 497 4680 habeo
517 4625 563 4692 (ci.
586 4627 781 4694 Wilamowitz,
802 4626 867 4682 llur.
881 4623 993 4682 Herakl.
1009 4625 1019 4657 ²
1038 4625 1051 4678 I
1069 4641 1094 4693 p.
1110 4625 1180 4690 149).
