3428 5310
890 355 1100 458 ...α-

381 572 483 638 Paris.
500 593 529 655 p.
548 575 623 655 320,
645 575 698 652 25,
721 590 793 655 pap.
810 571 913 637 Berol.
931 571 963 635 Π
979 569 1079 636 66511
1096 573 1127 651 8,
1152 589 1244 654 saepe
1266 577 1288 630 ol
1307 577 1483 652 aspele-'poor
1508 571 1602 653 signi·

381 679 456 745 licat
481 681 563 762 „Die
590 679 767 759 Beuncten“,
798 681 834 743 ut
857 697 928 761 pap.
955 677 1010 743 Ox.
1034 678 1175 756 144,7.
1201 681 1242 742 23
1267 678 1398 763 (Isaac.
1416 698 1444 743 a.
1462 678 1512 764 O.)
1536 698 1602 762 pap.

381 786 483 851 Greek
506 786 558 851 Br.
584 786 665 851 Mus.
692 789 767 868 299,
792 784 879 850 alibi.

469 902 502 960 'A
515 891 586 960 tou
597 899 607 960 ί
616 924 633 961 α
656 894 731 974 325,
746 893 787 958 32
808 899 835 952 τὸ
854 897 967 968 εὔδαιμον
985 938 1032 955 ...
1052 898 1080 952 oh
1099 901 1235 972 χρημάτων
1253 899 1347 970 πλῆθος
1365 938 1413 956 ...
1433 898 1488 953 ἀλλ’
1508 899 1602 969 ἀλυπία]

467 1001 611 1065 Primum
639 999 672 1064 in
701 999 788 1083 poesi
820 999 939 1082 legitur
961 999 993 1064 in
1018 999 1194 1082 fragmento
1219 999 1385 1064 Menandri
1410 1001 1457 1084 (l,
1483 1001 1546 1064 238
1572 1001 1602 1064 M

380 1137 422 1164 ·.-..-
442 1110 505 1173 549
524 1107 568 1192 Κ)
599 1113 720 1186 μηδέποτε
739 1114 782 1186 τὴν
801 1113 904 1166 ἀλυπίαν
925 1117 929 1182 l
950 1113 1018 1166 αίταῦ
1037 1114 1101 1186 παρὰ
1121 1112 1200 1186 θεῶν,
1236 1106 1349 1171 deinde
1378 1107 1411 1170 in
1441 1107 1601 1171 Menandri

380 1233 459 1299 quae
483 1217 634 1280 vocantur
656 1213 861 1279 monostichis
885 1215 949 1279 318
974 1220 1063 1273 aloen
1083 1218 1189 1292 δ’ὅρρος
1209 1219 1261 1290 βίου
1281 1213 1332 1294 (cf.
1349 1213 1479 1296 Epicuri
1504 1213 1602 1278 locum
1695 1205 1696 1214 ’

481 1340 539 1386 rn.

380 1321 681 1494 allatlin)sermone
715 1426 853 1510 pedestri
888 1426 962 1491 inde
991 1429 1029 1492 ab
1054 1426 1225 1492 Aristotele
1248 1427 1339 1492 Rhet.
1367 1433 1395 1506 l,
1421 1431 1439 1491 7
1470 1449 1500 1510 p.
1522 1430 1600 1493 13cs

376 1537 396 1601 b
417 1537 455 1600 13
479 1555 586 1600 rerum
609 1537 667 1600 est.

466 1641 563 1726 Apud
578 1641 829 1724 Theophrastum
846 1641 901 1727 (H.
919 1642 967 1706 Pl.
986 1644 1016 1722 2,
1032 1644 1063 1725 4,
1082 1644 1117 1726 2)
1133 1641 1220 1706 valet
1241 1642 1326 1707 idem
1349 1644 1444 1726 atque
1464 1647 1589 1718 αβλαραα.

900 1811 1067 1878 ulau

464 1936 566 2002 Maior
590 1939 637 2002 est
660 1936 750 2020 copia
773 1955 879 2002 eorum
896 1897 1128 2016 vocabulorum,
1154 1955 1234 2020 quae
1249 1937 1286 2000 ut
1301 1955 1320 2000 a
1336 1937 1435 2018 poetis
1452 1935 1599 2014 vitantur,

375 2043 421 2110 ita
447 2045 481 2108 iu
508 2043 621 2108 Inuum
649 2041 846 2126 aliorumque
873 2043 1012 2125 pedestri
1040 2045 1208 2108 occurrunt
1235 2061 1386 2108 sermone.
1439 2042 1524 2107 Haec
1559 2043 1599 2107 ita
1695 2115 1696 2124 ρ

375 2149 527 2234 disposui,
544 2153 582 2214 ut
592 2150 730 2232 primum
747 2169 784 2214 ea
794 2151 1014 2230 tractarentur,
1037 2169 1117 2234 quae
1130 2151 1202 2214 aute
1218 2149 1390 2232 Epicurum
1413 2149 1498 2231 apud
1514 2149 1598 2214 Iones

374 2258 498 2324 tanturn
528 2258 692 2340 leguntur,
729 2255 843 2321 deinde
874 2275 924 2338 ea,
960 2275 1040 2340 quae
1073 2256 1170 2322 etiam
1193 2256 1277 2338 apud
1301 2255 1380 2320 alios
1404 2275 1466 2321 non
1489 2257 1599 2339 probae

373 2363 515 2429 Atthidis
541 2365 693 2446 auctores,
723 2362 927 2428 Aristotelem
954 2363 1131 2446 praecipue,
1162 2364 1293 2428 exstant.
1340 2363 1445 2446 Atque
1473 2381 1547 2427 curn
1568 2364 1599 2427 id

372 2471 506 2536 maxime
531 2489 633 2552 agam,
658 2473 694 2535 ut
718 2471 892 2534 communis
918 2490 1018 2535 sermo
1035 2471 1150 2534 melius
1166 2470 1386 2552 perspicietur,
1411 2488 1448 2534 ea
1463 2489 1499 2534 ex
1515 2471 1598 2535 tanto

374 2596 503 2643 nurnero
535 2576 689 2660 copiosius
722 2577 899 2661 explicabo,
936 2595 1016 2660 quae
1046 2577 1154 2661 alique
1182 2577 1221 2640 de
1252 2595 1346 2641 rausa
1376 2595 1394 2641 a
1431 2587 1501 2656 κοινῇ
1540 2597 1598 2642 non

377 2685 480 2749 aliena
504 2688 588 2764 sunt,
612 2683 738 2749 brevius
762 2703 807 2762 ea,
833 2703 913 2768 quae
936 2685 985 2749 rel
1009 2703 1167 2768 nusquam
1190 2682 1275 2766 apud
1291 2683 1477 2766 posteriores
1495 2704 1596 2750 occur-

373 2792 449 2856 runt
471 2791 521 2856 uel
545 2791 605 2869 ita,
638 2790 729 2856 utin
755 2809 814 2855 usu
839 2790 1000 2855 doctorum
1026 2789 1221 2873 quorundam
1246 2791 1400 2854 mansisse
1424 2790 1594 2856 videantur.

969 2974 994 3008 α.

460 3049 556 3132 Apud
578 3049 668 3114 Ioues
685 3050 775 3114 solos
799 3051 979 3115 occurrunt:

460 3162 661 3245 Ἀταραὶία
694 3155 860 3220 notissima
886 3154 1016 3238 Epicuri
1048 3155 1221 3219 ethicorum
1245 3175 1302 3220 vox
1341 3175 1417 3219 num
1441 3156 1504 3221 iarn
1527 3157 1595 3220 auto

368 3262 452 3328 hunc
476 3262 508 3327 in
533 3282 593 3328 usu
616 3263 722 3345 fuerit,
747 3283 802 3345 pro
826 3264 909 3327 certo
932 3281 994 3327 non
1017 3262 1126 3329 haheo.
1695 3351 1696 3354 Ἴ

459 3369 605 3434 Occurrit
625 3370 726 3448 euim,
760 3371 787 3433 si
810 3370 899 3434 Iones
929 3369 1126 3453 respicimus,
1155 3369 1294 3452 primurn
1321 3370 1355 3434 in
1378 3371 1555 3454 Praeceptis
1565 3372 1595 3446 ιί,

369 3497 448 3561 quae
478 3495 670 3562 quamquam
693 3477 878 3560 Hippocrati
903 3477 1023 3541 tributa
1048 3479 1131 3556 sunt,
1156 3479 1260 3541 tamen
1285 3477 1421 3542 auctoris
1446 3478 1594 3542 recentio-

367 3585 411 3648 ris
437 3584 586 3649 videntur
608 3603 676 3650 esse
697 3585 748 3666 (ef.
767 3583 880 3648 Littrci
903 3584 1128 3666 praefationem
1151 3583 1197 3648 IX
1216 3604 1246 3666 p.
1262 3586 1326 3649 246
1340 3587 1400 3669 sq.)
1423 3585 1474 3650 rel
1501 3585 1594 3650 intor·
1695 3655 1696 3688 ρ

367 3691 543 3775 polatorum
570 3690 682 3756 fraude
704 3693 851 3773 corrupta
875 3691 928 3774 (cf.
954 3692 1086 3756 eundern
1112 3711 1142 3773 p.
1166 3693 1229 3754 252
1254 3709 1326 3756 nnn.
1353 3695 1394 3773 5).
1442 3692 1593 3777 Equidem

367 3797 564 3864 enonuullis
590 3798 657 3862 eius
682 3797 785 3864 lihelli
812 3799 889 3863 locis
913 3798 993 3863 mihi
1016 3797 1158 3881 persuasi
1181 3797 1353 3882 Praecepta
1375 3798 1594 3882 Hippocratica

365 3907 437 3989 post
456 3905 628 3988 Epicurum
652 3906 698 3970 ita
721 3905 897 3988 conscripta
920 3925 997 3985 esse,
1022 3906 1059 3969 ut
1080 3905 1119 3983 is,
1144 3905 1200 3989 qui
1222 3905 1317 3969 illum
1342 3905 1460 3970 librum
1484 3905 1591 3982 edidit,
1695 3915 1696 3960 ἐ

365 4012 462 4077 veteri
487 4013 646 4078 doctrinae
669 4032 749 4078 nova
773 4012 926 4096 quaedam
950 4012 1146 4077 admisceret.

453 4121 614 4186 vocabula
644 4119 727 4185 enim
758 4125 887 4198 ἀταραξία,
919 4127 1053 4198 τερίστααις
1080 4119 1277 4203 (translate),
1313 4125 1468 4198 κατεργασία,
1489 4125 1586 4200 χαρτρία
1695 4187 1696 4192 ¹

363 4228 486 4308 transl,
519 4233 671 4306 περίατωαις,
702 4246 780 4310 quae
811 4227 844 4291 in
876 4227 987 4292 ceteris
1017 4227 1153 4308 corporis
1178 4226 1394 4309 Hippocratici
1418 4227 1508 4292 libris
1531 4243 1588 4290 non
1695 4221 1696 4280 l

363 4335 524 4417 leguntur,
562 4334 617 4399 sed
647 4334 721 4398 inde
753 4335 792 4398 ab
816 4333 986 4400 Aristotele
1020 4334 1147 4398 demum
1178 4333 1227 4397 uel
1259 4333 1406 4417 Epicuro,
1441 4335 1473 4398 iu
1496 4334 1586 4398 Prae·
1695 4407 1696 4416 ρ

453 4477 473 4545 ¹)
492 4477 515 4532 V
535 4477 595 4542 570,
620 4475 692 4530 l3L
721 4475 807 4528 rodaco
836 4475 951 4548 ἀταραξία
981 4480 1059 4548 μῆκος
1088 4475 1197 4548 σημαίνει
1224 4475 1349 4529 Litt1·cus
1382 4477 1441 4530 iure
1474 4473 1586 4530 coniecit

362 4565 454 4648 ἀταξίη.
