3428 5310
147 599 150 606 ’
227 584 558 668 ’ψἘπισιινωθέοε
595 584 648 664 47,
669 583 708 645 12
722 589 800 660 ’ἀίρσς
818 587 881 646 τινὸς
898 584 1122 656 ἐπισονιοδοομίνοο
1139 582 1243 637 ἀνωθεν.
1270 597 1273 603 ·

231 695 562 777 Προσκατιινοὲω
580 691 634 772 21,
653 691 707 768 14;
733 690 863 769 24,12;
888 687 926 752 cf.
945 705 1041 770 supra
1056 705 1086 768 p.
1101 689 1142 750 52
1158 692 1371 764 προσιατανόηοις.

449 905 528 971 Una
550 903 739 988 praepositio
762 902 898 986 praefixa
921 903 976 968 est·
991 901 1056 966 his:
1111 949 1116 962 .

163 1090 166 1096 .
232 1039 457 1116 ’Δνίλιιρόω
494 1031 600 1110 145,5
624 1033 708 1094 ἐποίεις
732 1030 774 1088 ὀὖν
796 1036 837 1088 ιιι
855 1035 920 1106 ημᾶς
944 1026 1026 1110 (soil.
1060 1025 1248 1110 Epicurum)
1288 1031 1367 1084 ἀνθιε-

126 1151 191 1218 ’ροῦν
213 1147 239 1198 ot
258 1144 331 1198 αδτδν
355 1137 439 1223 (soil.
466 1135 610 1220 Coloten)
633 1144 674 1196 ιιαί
693 1141 879 1212 ἀντισέβεσθαι,
980 1140 983 1146 '
1184 1143 1187 1149 '
1306 1145 1310 1152 “
1356 1144 1359 1152 “

228 1243 545 1330 Ἀντισέβομαι]
573 1243 645 1308 vide
668 1249 796 1322 ἀνδιερόοι.

225 1357 499 1437 Έγγαλιγνίζεο
523 1353 612 1434 4,11
643 1356 859 1428 ἀγγαληνίζωντη]
878 1355 931 1428 βίῳ.

228 1467 262 1526 Ἐ
273 1459 315 1533 Εά
326 1488 334 1524 ε
344 1487 360 1526 τ
371 1488 404 1525 ιο
417 1469 484 1541 λογ
496 1465 509 1525 ί
520 1489 544 1524 ιο
568 1459 621 1538 31,
640 1461 657 1522 ’ί
681 1463 904 1536 ἐξαιτιολογήσομεν
923 1461 1003 1535 ὀρδῶς
1020 1463 1062 1514 οιαὶ
1081 1461 1241 1530 ἀπολίισομεν.

221 1567 246 1651 ’ψ’
271 1571 528 1649 Καταγατιάω
558 1567 611 1648 41,
634 1567 713 1631 arev
732 1571 840 1645 μοναχὸν
858 1571 946 1643 τρόπον
964 1569 1160 1642 κατηγαπηκὼς
1192 1552 1282 1643 55,8
1306 1585 1365 1620 aar·

128 1671 311 1742 αγαπησαντες.
1188 1682 1192 1688 ·

224 1781 571 1868 Καταστοιχειὸω
598 1781 633 1860 3,
661 1783 700 1845 11
724 1785 866 1840 τδντδπον
888 1791 932 1857 τῖης
959 1785 1017 1858 δλης
1039 1784 1202 1858 πραγματείας
1224 1783 1265 1836 τὸν
1293 1800 1365 1835 κατι-

126 1885 319 1958 ποιχειωμίνον
338 1885 374 1939 δεῖ
391 1884 558 1957 μνημονείιειν.

222 1993 388 2060 Adiectiva
411 1994 524 2060 deinde
547 2001 750 2074 εδσιιμτλήριοτοτ
774 1996 826 2074 65,
844 1997 880 2072 4;
909 1999 1071 2072 δμοιόμορρος
1097 1996 1199 2075 12,1;
1223 1995 1365 2054 oemio<

125 2103 150 2182 †
175 2104 236 2185 49,
262 2105 280 2166 7
306 2101 465 2186 (simodo
489 2101 589 2168 codici
612 2101 637 2166 F
660 2100 816 2166 confidere
839 2101 926 2183 licet)
950 2119 1108 2186 nusquam
1137 2098 1216 2164 alibi
1244 2098 1364 2163 exstare

124 2209 312 2275 videntur·

220 2332 343 2414 Restat,
368 2336 404 2399 ut
428 2334 466 2399 de
490 2334 535 2399 eis
559 2334 720 2399 vocabulis
745 2335 859 2420 quibus
880 2353 1010 2399 novam
1026 2321 1219 2398 notionem
1235 2333 1364 2396 subesse

121 2441 288 2526 Epicurus
312 2441 414 2506 voluit
440 2461 542 2526 pauca
568 2441 733 2524 proferam.
781 2442 885 2525 Atque
912 2441 977 2506 iam
1001 2461 1019 2505 a
1041 2439 1197 2524 principio
1221 2441 1362 2505 conicere

121 2566 301 2634 possumus
333 2567 440 2614 eorum
468 2548 589 2632 copiam
612 2568 674 2614 non
697 2549 818 2613 tantam
842 2566 911 2614 esse
942 2550 1060 2632 quanta
1088 2549 1136 2613 est
1159 2547 1243 2632 apud
1267 2547 1361 2630 Poly-¹

123 2657 233 2736 bium,
259 2655 376 2740 quippe
400 2654 455 2740 qui
477 2655 595 2720 maiore
617 2656 767 2738 temporis
792 2655 894 2738 spatio
918 2657 956 2720 ab
981 2656 1100 2739 optima
1120 2654 1252 2720 Atthide
1268 2654 1360 2720 absit.

122 2765 253 2830 Tamen
281 2763 449 2847 nonnulla,
478 2781 558 2848 qnae
586 2763 750 2846 exscripsi,
779 2763 856 2829 satis
881 2763 979 2848 digna
1002 2764 1077 2828 sunt
1099 2771 1179 2847 quac
1202 2763 1360 2827 notentur.

222 2888 269 2952 Ac
292 2887 431 2971 primum
455 2886 583 2972 quidem
607 2889 727 2954 animos
751 2865 961 2953 convertimus
979 2888 1020 2954 ad
1043 2886 1236 2973 reipublicae
1260 2887 1359 2952 Athe·

122 2994 294 3061 niensium
317 2995 444 3078 propria
468 3015 601 3080 quorum
624 3015 700 3061 usus
725 2995 810 3078 apud
833 2997 972 3078 posteros
996 2981 1093 3060 latius
1117 2996 1218 3079 patet:
1322 3007 1325 3016 '

222 3119 386 3184 Nonnulla
413 3120 477 3185 iam
504 3119 690 3186 Aristoteles
720 3119 870 3186 translate
898 3123 1044 3208 usurpat:
1080 3129 1238 3208 χορηγέω
1262 3125 1315 3204 66,
1344 3127 1355 3187 1

122 3235 208 3309 ἀρχὰς
228 3272 256 3287 ..
275 3232 377 3304 ἀγαθῶν
390 3274 397 3288 .
411 3273 417 3288 .
430 3235 476 3288 ὑπὸ
494 3234 584 3308 ταψτης
607 3227 692 3314 (scil.
722 3239 765 3307 τῆς
783 3228 874 3313 τὀχης)
897 3235 1108 3308 χορηγεῖσθαι-
1126 3235 1269 3317 χορηγία
1287 3232 1360 3310 160,

124 3339 168 3401 12
198 3335 232 3399 et
254 3333 351 3399 Inscr.
377 3334 555 3400 Oenoandis
579 3355 644 3419 rep.
669 3335 730 3420 frg.
758 3338 795 3400 11
821 3335 885 3400 Ab
913 3339 927 3399 1
957 3349 1008 3394 τῶν
1032 3343 1113 3412 μέντοι
1135 3351 1259 3417 χορηγιῶν
1277 3343 1360 3416 φείδου

120 3449 186 3522 πρὸς
206 3447 271 3506 Διός
300 3477 342 3488 -
367 3451 568 3530 λειτουργὲω
597 3445 649 3524 28,
674 3447 687 3507 l
715 3449 835 3521 ἀνατολὴν
848 3449 889 3502 οιαὶ
902 3448 966 3504 δδσιν
980 3492 987 3506 .
1001 3492 1008 3505 .
1021 3452 1083 3523 μήτε
1095 3452 1286 3525 λειτουργοῦντος
1299 3451 1361 3511 τινος

117 3555 234 3627 νομίζειν
248 3553 283 3608 δεῖ
293 3555 418 3632 γενέσθαιγ
439 3551 472 3614 at
487 3551 510 3635 ψ·
522 3552 576 3631 42,
593 3553 632 3616 12
654 3559 914 3642 ἀλειτούργητος
931 3563 957 3635 (ψ
970 3561 1024 3616 θεία
1036 3561 1104 3635 φδσις
1117 3602 1124 3616 .
1138 3602 1144 3615 .
1158 3562 1361 3635 ,ἀλειτούργητος

121 3659 292 3734 διατηρείσθω
319 3665 361 3716 καί
389 3665 414 3718 ἐν
440 3684 471 3738 τη
498 3667 563 3738 πάση
591 3667 761 3740 μαααριάτητι)
790 3661 977 3728 141181016168
1000 3682 1062 3728 non
1086 3663 1182 3729 habet
1205 3702 1247 3712 -
1273 3671 1359 3731 ἀπδ-

115 3793 225 3851 paam
255 3765 357 3850 opinio
387 3767 447 3845 60,
480 3768 519 3832 10
558 3773 582 3826 ai
600 3780 651 3826 τῶν
669 3774 769 3828 πολλῶν
788 3775 847 3848 ὑπὲρ
865 3775 931 3830 θεῶν
950 3777 1081 3849 ἀποφάσεις
1100 3807 1133 3818 -
1174 3779 1357 3860 ὑπόληψις;

117 3869 298 3956 opponitur
335 3878 455 3952 πρόληψις
495 3875 552 3954 60,
577 3877 596 3940 8
640 3881 668 3936 οδ
699 3883 744 3955 γὰρ
771 3884 904 3956 προλήψεις
931 3885 988 3938 είσλν
1015 3884 1071 3938 ἀλλ’
1100 3885 1234 3959 ὐπολψψεις
1262 3888 1359 3959 ψευδεῖς

118 3979 180 4066 (cf.
209 3975 375 4062 Chrysipp.
400 3979 432 4044 Π
455 3983 530 4066 291,
555 3985 624 4068 26).

218 4103 242 4187 ’ψ’
265 4109 515 4193 Συνθεωρέιο
540 4111 592 4189 41,
613 4111 652 4173 14
672 4118 713 4170 ἐάν
731 4120 862 4177 τις..τδς
879 4117 1003 4178 ὑποδέσεις
1015 4119 1066 4189 ipa
1079 4121 1120 4172 οιαὶ
1133 4121 1209 4180 αίτίας
1222 4120 1356 4198 συνθεωρῇ.

118 4211 215 4291 Quae
227 4210 369 4276 notiones
386 4232 493 4278 omnes
510 4213 574 4280 sere
590 4235 653 4282 non
670 4218 772 4282 solum
792 4218 971 4284 litterarum
986 4221 1198 4286 monumentis
1215 4224 1357 4305 posterae

120 4315 252 4398 aetatis,
277 4318 451 4384 sedetiam
475 4320 579 4387 titulis
604 4325 636 4388 et
658 4325 785 4408 papyris
811 4329 1062 4409 comprobantur.

168 4479 171 4484 Δ
216 4432 312 4516 Apud
342 4433 513 4517 Epicurum
554 4438 690 4521 primum
726 4441 812 4506 notio
846 4443 958 4508 harum
992 4463 1104 4509 vocum
1135 4447 1259 4510 mutata
1292 4449 1354 4512 est:

115 4550 166 4610 ἐπ
179 4571 188 4608 ε
202 4548 300 4628 βολή
322 4558 413 4625 Saepe
433 4547 595 4628 noricam,
618 4559 791 4636 acceptam
815 4549 987 4632 significat:
1007 4553 1051 4646 γ4,
1069 4554 1088 4616 4
1110 4559 1138 4614 τδ
1161 4565 1213 4622 ταῖς
1235 4561 1357 4633 ἐπιβολαῖς
