3442 5324
697 513 903 520 ——-—-————-

276 637 405 700 Aeneas
436 636 520 700 liano
543 634 692 700 Platonis
723 637 919 701 sententiam
950 637 1062 717 atl‘ert,
1098 643 1134 700 ot
1157 656 1212 702 eos
1243 641 1411 718 coarguat,

187 743 243 821 qni
272 741 399 808 animas
423 741 555 823 saepius
585 743 620 806 in
645 761 784 824 corpora
812 744 954 808 humana
984 744 1180 808 descendere
1203 749 1411 824 putaverunt,

187 868 382 929 quamquam
415 868 481 915 non
512 850 742 930 meminerunt,
778 869 860 930 quae
893 850 984 931 passi
1017 856 1093 915 sunt
1124 850 1158 915 in
1189 851 1300 932 priore
1330 852 1410 916 vita.

187 957 334 1022 Probare
365 957 494 1036 quidem
533 976 603 1022 eam
640 976 705 1022 non
743 958 863 1038 potuit,
900 956 965 1022 nisi
997 957 1126 1023 animae
1158 958 1264 1023 inesse
1294 958 1360 1023 iarn
1392 979 1412 1023 a

186 1063 354 1129 creatione
384 1063 526 1129 omniurn
557 1081 665 1128 rerum
689 1063 910 1146 cognitionem
934 1067 1081 1145 putabat.
1134 1066 1263 1130 Aeneas
1294 1064 1411 1130 iterorn

186 1171 358 1252 redarguit
393 1176 490 1252 atque
525 1171 652 1236 refellit
686 1171 871 1252 Platonem,
911 1171 981 1254 qui,
1022 1191 1094 1236 earn
1130 1171 1252 1238 dixerit
1284 1171 1411 1238 animas

185 1297 300 1344 rursus
335 1279 548 1344 descensores
583 1298 653 1344 esse
688 1279 721 1343 in
757 1298 910 1360 corpora,
946 1287 1055 1344 tamen
1088 1279 1183 1345 bonis
1215 1278 1413 1360 polliceatur

185 1385 290 1452 vitam
313 1392 480 1451 aeternam
509 1386 543 1451 in
567 1386 698 1470 Elysio,
728 1385 825 1450 melis
853 1392 961 1451 autem
986 1405 1107 1468 poenas
1136 1386 1352 1468 sempiternas
1376 1386 1411 1451 in

186 1494 339 1558 Tartaro.
391 1493 475 1558 Nam
506 1493 535 1558 si
565 1494 646 1558 haee
676 1512 756 1558 vera
787 1500 910 1574 essent,
946 1493 1090 1559 futurum
1121 1493 1223 1559 l'oisse
1254 1499 1291 1558 ut
1320 1493 1412 1558 deni-

187 1620 249 1681 que
273 1602 404 1666 deserta
428 1608 518 1666 terra
541 1607 628 1666 esset
651 1607 700 1666 tot
723 1599 909 1666 horninibus
933 1600 1083 1666 sublatis.

187 1727 259 1806 48‚1
299 1723 338 1790 Εί
361 1722 422 1812 γὰρ
447 1722 546 1802 αὐτὸς
568 1722 621 1791 άεὶ
651 1727 769 1791 τοιοῦ-
826 1726 905 1806 Rep.
932 1725 965 1790 Il
997 1727 1062 1791 363
1090 1727 1114 1792 C
1164 1727 1340 1802 Μουσαῖος
1375 1726 1410 1793 ὀί

230 1856 287 1908 το,Ι
310 1830 470 1915 διαμένει,
493 1833 548 1899 καὶ
564 1831 670 1916 εἰμὲν
693 1829 771 1916 o'yo-
869 1830 994 1898 τούτων
1029 1831 1246 1922 νεανικώτερα
1278 1830 1411 1917 τάγαθά

233 1940 291 2005 ool
334 1937 382 2016 εἰς
413 1937 451 2004 τὸ
483 1935 636 2005 Ἡλίοιον
678 1937 770 2006 άνοι-

231 2043 413 2134 ὀραμόνιοςΙ
430 2043 586 2113 ὀίιάυατα
611 2071 770 2131 συμπο-

232 2152 442 2219 σιάοουοιν
465 2151 517 2221 οἷοὶ
533 2158 602 2220 τοῦ
627 2153 769 2220 νέκτα-

232 2285 298 2350 ρος
328 2258 621 2344 ἐμπιπλάμενοι
659 2260 771 2346 (νόμοι,Ι

230 2371 292 2455 γάρ
322 2369 376 2433 καί
405 2357 501 2445 οὗτος
528 2373 585 2456 τῆς
608 2366 770 2435 Πλάτω-

228 2469 295 2551 ’νος
318 2475 553 2553 πολιτείας),
577 2475 610 2541 οἱ
626 2475 662 2542 ὀὲ
678 2478 768 2543 κακοί

228 2579 771 2671 εἰςΤάρταρονἐμπεσόντες,ὅίίεν

231 2686 376 2756 οὔποτε
400 2687 647 2778 ἕκβηοονται,
676 2689 769 2758 αότοί

230 2797 290 2881 μὲν
314 2795 372 2862 οόκ
400 2793 449 2864 ε”τι
474 2794 656 2876 ὀνίνανται,
687 2824 770 2865 πα-

231 2904 475 2992 ραδείγματα
523 2905 559 2971 δὲ
604 2903 770 2990 γενόμενοι

229 3017 288 3099 τίς
318 3011 411 3099 ὀίκης
451 3011 484 3088 ἐς
514 3009 566 3079 αἐί
604 3013 767 3080 κείοονιαι

230 3123 346 3194 (ταῦτα
377 3115 438 3208 γάρ
471 3118 505 3185 ἐν
537 3120 682 3187 Φαίδωνι
715 3123 766 3188 καί

230 3235 261 3292 Γ
259 3226 353 3314 ορνίᾳ
387 3223 563 3315 Σωκράτης
598 3228 769 3315 διισχυρί-

230 3334 346 3420 Cerae).

870 1941 925 2005 καὶ
949 1936 1055 2016 (iarios
1078 1937 1182 2006 αὐτοῦ
1205 1938 1297 2027 παρά
1323 1945 1411 2006 θεῶν

871 2045 1023 2114 ὀιόὀασιν
1052 2053 1123 2123 τοῖςΙ
1151 2047 1293 2124 δικαίοις
1325 2055 1332 2070 ’
1363 2046 1411 2124 εἰς

863 2151 980 2221 ‘'Ardov
1000 2151 1061 2243 γάρ
1077 2151 1251 2240 ἀγαγόντες
1265 2159 1312 2240 τῷ
1328 2152 1410 2242 λόμμ

869 2262 924 2327 καί
947 2262 1197 2338 κατακλίναντες
1225 2263 1280 2328 καί
1305 2287 1410 2346 συμ-

870 2369 1023 2434 πόοιον
1060 2374 1125 2434 τῶν
1164 2368 1264 2434 ὀσίιον
1302 2394 1410 2436 κατα-

871 2473 1087 2552 σκευάσαντος
1122 2475 1412 2564 ἑοτειμανοιμείους

871 2587 1025 2649 ποιοῦσιν
1052 2580 1109 2648 raia
1140 2580 1271 2650 ἅπαντα
1295 2582 1411 2671 χρόνον

871 2687 931 2777 ἤδη
979 2689 1104 2775 διάγειν
1157 2688 1408 2776 μεθύοντας.

871 2799 933 2884 (οι.
959 2799 991 2864 x
1008 2799 1072 2863 614
1089 2799 1141 2884 Β.)

826 2906 946 2970 Ρίιαοά.
968 2907 1029 2971 113
1046 2906 1076 2971 E
1106 2909 1142 2971 oi'
1162 2903 1191 2971 δ’
1207 2901 1246 2971 ἂν
1270 2903 1411 2990 ὀόξοιοιν

869 3008 1012 3088 dividuas·
1035 3010 1121 3093 ἔχειν
1140 3009 1197 3079 ὀιά
1220 3010 1261 3078 τά
1284 3011 1409 3102 μεγέθη

868 3122 934 3184 τῶν
964 3118 1212 3208 ἁμαρτημάτων
1324 3119 1409 3186 τοὺ-

868 3251 946 3302 τους
962 3225 999 3292 δὲ
1022 3225 1040 3314 η
1064 3225 1276 3317 προοηκουοοι
1295 3234 1410 3317 Μοῖρα

869 3333 980 3421 ῥίπτει
1030 3332 1078 3410 εἰς
1123 3332 1180 3402 τὸν
1230 3333 1410 3425 Τάρταρον,

870 3438 965 3506 liaeo
981 3439 1024 3506 oi'
1031 3467 1125 3508 ποτε
1147 3442 1409 3528 ἐκβαίνουσιν.

826 3549 926 3630 Gorg.
952 3550 1057 3616 5250
1086 3553 1122 3616 οἳ
1142 3548 1171 3615 δ’
1186 3546 1227 3616 ἂν
1249 3547 1291 3615 τά
1314 3549 1409 3631 ε”οχα-

868 3679 910 3720 τα
926 3652 1119 3744 άόικὴοιοοι,
1139 3658 1194 3724 καί
1211 3655 1268 3723 aad
1283 3654 1324 3722 τά
1340 3653 1410 3724 τοι·

869 3766 954 3828 αὐτα
981 3760 1168 3851 άόικὴματα
1195 3761 1325 3832 άνίατοι
1349 3764 1409 3850 ye'-

869 3895 1000 3949 νιονιάι,
1024 3870 1058 3937 ἐκ
1073 3870 1198 3938 τούτων
1221 3870 1262 3937 τά
1283 3896 1409 3959 παρα-

869 3977 1060 4062 δείγματα
1076 3979 1228 4064 γίγνεται,
1245 3981 1299 4046 καὶ
1317 3969 1408 4048 οὗτοι

868 4083 963 4151 αότοί
1002 4085 1063 4169 μὲν
1098 4083 1204 4152 οόκὲτι
1241 4084 1407 4153 ὀνίνανται

868 4190 964 4258 odola
980 4190 1038 4258 άτε
1054 4190 1184 4258 άνίατοι
1201 4191 1301 4269 ὄντες,
1314 4191 1407 4260 ἄλλοι

869 4299 905 4365 δὲ
921 4297 1089 4366 ὀνίνανται
1105 4297 1137 4364 oi
1153 4297 1290 4376 τούτους
1306 4299 1407 4388 ὀροῖν-

867 4431 921 4482 τις
956 4403 1012 4473 διὰ
1047 4403 1107 4482 τά,Ι
1142 4405 1308 4495 ἁμαρτίας
1333 4460 1340 4474 .
1367 4461 1407 4476 ..

868 4511 1009 4595 αἰεχνῶμΙ
1059 4513 1407 4602 παραδείγματα

868 4617 1113 4710 ἀνηρτημένους
1140 4620 1207 4688 ἐκεῖ
1229 4619 1264 4688 ἐν
1280 4619 1406 4689 Ἅιδου.
