3442 5324
752 404 794 467 77

159 636 195 683 re
225 619 267 683 ad
297 635 388 684 oram
417 622 672 683 reverterentur.
727 616 860 684 Orestes
893 615 978 682 enim
1009 615 1168 698 Pyladem
1201 615 1386 697 interrogat

158 725 203 810 (v.
221 723 380 812 96-98):
608 795 611 800 ,

371 831 405 897 σι’
428 831 576 919 δρῶμεν,Ι
606 828 843 920 ἀμφίβληστρα
865 826 927 918 χδιρ
950 828 1070 909 τοίχων
1093 826 1174 916 δρᾷς

371 935 506 1026 ὑψηλά·
538 934 663 1029 πότερα
685 935 851 1022 κλιμάκων
873 933 1124 1026 προσαμβάσεις

372 1043 623 1134 ἑκβησόμεσθας
653 1050 725 1123 πῶς
748 1041 788 1111 ἂν
811 1036 870 1111 οὖν
893 1041 1057 1128 λάθοιμεν
1080 1040 1139 1121 δνς

158 1164 220 1230 Oui
243 1164 302 1229 ille
324 1164 500 1246 respondet
524 1161 791 1247 (v.106-107):

372 1280 454 1344 ναοῦ
476 1275 506 1344 δ’
528 1274 782 1358 ἀπαλλαχθέντε
805 1275 985 1367 κρύψωμεν
1009 1275 1112 1362 δέμας

371 1382 441 1451 κατ’
464 1382 558 1474 ἄντρ’
582 1383 603 1450 δ
627 1383 747 1462 πόντος
770 1384 877 1452 νοτίδι
900 1383 1066 1466 διακλύζει
1089 1383 1201 1469 μέλας.

248 1511 362 1591 Neque
379 1511 446 1578 alio
463 1517 613 1594 spectare
636 1511 717 1577 mihi
734 1511 874 1594 videtur,
900 1513 986 1592 quod
1009 1511 1044 1577 in
1063 1511 1232 1596 Cyclope
1255 1510 1385 1577 Silenus

158 1639 263 1702 agnos
288 1639 328 1685 ex
352 1638 450 1701 specu
473 1619 508 1684 in
532 1619 637 1685 lucem
662 1619 784 1686 emovit
807 1617 863 1704 (cs.
889 1639 919 1686 v.
940 1619 1001 1684 137
1027 1624 1060 1685 et
1084 1619 1148 1684 222
1160 1619 1233 1705 so).

249 1852 410 1936 Quoniam
446 1851 722 1918 demonstravisse
765 1850 846 1916 mihi
885 1850 1013 1932 videor,
1060 1849 1179 1930 quihus
1218 1855 1251 1915 et
1289 1868 1385 1930 quam

159 1958 265 2025 erariis
288 1959 441 2024 artificiis
470 1978 547 2025 usus
570 1965 669 2040 poeta
691 1957 821 2025 unicum
850 1957 943 2024 illum
967 1957 1074 2025 locum
1098 1957 1216 2023 adres
1240 1958 1386 2039 agendas

160 2065 471 2146 accommodaverit,
503 2071 607 2132 restat
635 2070 671 2130 ut
694 2064 868 2147 explicem,
901 2063 1038 2145 quanti
1067 2065 1167 2145 quod
1195 2064 1283 2146 lege
1313 2063 1387 2129 illa

163 2171 475 2254 „Aristotelica“
524 2171 740 2253 Euripides
786 2170 1007 2236 adstrictus
1053 2175 1153 2253 erat,
1204 2170 1386 2236 momenti

161 2278 287 2344 fuerit
321 2279 367 2344 ad
398 2297 462 2345 res
494 2277 603 2361 ipsas
637 2279 959 2359 conformandam
1002 2295 1106 2359 neque
1142 2277 1228 2343 enim
1262 2297 1386 2360 parvae

161 2384 258 2451 molis
282 2385 386 2452 fuisse
411 2387 567 2452 concedes
597 2405 707 2451 omnes
730 2404 784 2452 res
808 2385 850 2450 ad
873 2385 1036 2450 actionem
1064 2384 1265 2467 pertinentes
1288 2404 1387 2451 unum

160 2491 196 2557 in
219 2491 326 2558 locum
349 2491 509 2558 conferre.

251 2598 345 2682 Quod
367 2599 529 2666 Electra
563 2600 677 2666 fabula
709 2599 851 2665 maxime
883 2602 1055 2681 probatur,
1092 2598 1126 2665 in
1149 2617 1214 2679 qua
1238 2599 1387 2666 Orestem

161 2706 331 2790 prohiberi
371 2727 502 2774 necesse
544 2714 616 2773 erat
654 2726 694 2773 ne
733 2708 776 2773 ad
810 2706 984 2774 consilium
1021 2726 1114 2772 suum
1153 2705 1386 2788 perficiendum

162 2815 271 2897 Argos
310 2833 345 2880 se
384 2814 565 2897 conferret,
606 2814 866 2896 quandoquidem
906 2833 1016 2880 casam
1054 2813 1209 2879 Electrae
1247 2813 1385 2879 adierat.

162 2923 307 2988 Venerat
330 2921 416 2988 enim
439 2923 482 2988 ad
505 2941 664 3004 sororem,
694 2941 765 2988 cum
789 2941 854 3002 qua
880 2922 920 2987 de
944 2921 1105 3004 Aegistho
1129 2920 1387 3006 Clytaemestra-

162 3047 224 3109 que
248 3029 486 3095 interficiendis
510 3029 650 3095 consilia
673 3029 929 3096 communicaret
951 3028 1008 3115 (cf.
1033 3049 1064 3096 v.
1084 3027 1147 3094 100
1159 3027 1231 3114 sq.).
1270 3027 1386 3108 laque

162 3155 272 3203 senem
303 3136 396 3202 illum
423 3134 582 3202 rusticum
611 3155 673 3216 quo
696 3137 791 3203 modo
815 3136 1009 3218 Aegisthum
1038 3154 1156 3217 capere
1184 3134 1303 3217 possit,
1334 3134 1387 3200 his

162 3243 273 3311 verbis
297 3245 481 3327 interrogat
504 3243 547 3329 (v.
565 3243 661 3330 614);

353 3355 357 3360 ¹
375 3365 441 3455 ἥκω
463 3365 514 3434 ’πὶ
536 3365 632 3434 τόνδε
656 3366 819 3457 στέφανον
841 3368 899 3455 (st.
924 3372 1053 3434 κτανεῖν
1077 3369 1243 3453 Αἴγισθον

441 3476 497 3542 καὶ
519 3474 675 3565 μητέρα)·
707 3472 791 3541 α’λλδ
814 3478 886 3552 πῶς
908 3472 1018 3561 λδβως

163 3593 226 3676 Qui
251 3593 282 3658 ei
305 3592 480 3676 respondet
504 3592 547 3678 (v.
565 3591 750 3679 615-17):

375 3705 509 3789 τειχέων
530 3708 591 3792 μὲν
615 3707 725 3777 ἐλθὼν
748 3706 840 3785 ἐντὸς
862 3705 959 3774 οὐδὲν
982 3704 1022 3773 ἂν
1047 3704 1191 3783 σδὲνοις.

376 3821 568 3905 φρουραῖς
590 3799 776 3883 κέκασται
800 3816 954 3899 δεξιαῖς
976 3838 1017 3880 τε
1040 3811 1288 3903 δορυφόρων,

564 3929 718 4012 φοβεῖται
741 3920 802 4012 γάρ
827 3946 864 3990 σε
886 3919 965 4003 κούχ
988 3920 1077 3988 εὕδει
1101 3925 1226 4009 σαφῶς.

252 4049 367 4116 Subito
396 4056 504 4115 autem
528 4049 599 4115 seni
628 4049 663 4114 in
685 4055 826 4115 mentem
849 4048 942 4115 venit
969 4066 1005 4113 se
1028 4047 1223 4130 Aegisthum
1251 4045 1286 4111 in
1314 4045 1386 4111 luco

162 4157 344 4241 propinquo
372 4157 535 4242 Nymphis
568 4157 810 4223 sacrificantem
845 4174 949 4236 neque
980 4153 1197 4236 stipatoribus
1233 4153 1302 4218 illis
1330 4152 1388 4218 sed
1434 4157 1435 4160 ’

163 4265 298 4330 famulis
322 4265 512 4331 comitatum
540 4264 759 4347 conspexisse.
808 4263 872 4330 Sed
895 4282 953 4328 eur
977 4261 1155 4344 Aegisthus
1179 4259 1329 4340 quamvis
1354 4259 1388 4324 in

162 4373 257 4456 regia
280 4372 354 4454 ipsa
377 4371 544 4455 praesidio
568 4372 700 4438 illorum
723 4391 801 4438 usus
825 4376 920 4453 esset,
946 4371 980 4436 in
996 4369 1105 4435 lucum
1128 4373 1277 4451 apertum
1301 4367 1388 4434 solos

165 4478 307 4545 famulos
331 4477 373 4564 (v.
392 4480 473 4544 631:
500 4479 621 4565 δμῶες)
644 4498 752 4544 secum
777 4478 922 4560 duxerit,
955 4475 1192 4560 intellegemus
1224 4475 1254 4541 si
1277 4473 1388 4540 nobis-

163 4605 234 4652 cum
259 4585 520 4667 reputaverimus
544 4586 736 4668 Euripidem
766 4586 858 4652 illum
882 4585 1012 4650 omnino
1037 4603 1076 4649 ea
1099 4583 1140 4648 de
1163 4601 1263 4648 eausa
1286 4580 1388 4664 Argis
