3442 5324
739 425 778 490 17

235 639 274 704 In
290 639 574 722 Agamemnone
598 639 683 704 enim
708 657 802 706 senes
826 638 1022 720 simulatque
1039 641 1136 706 v‘oces
1152 635 1373 728 regis'ipsius

146 747 237 814 intra
259 747 357 812 aedes
381 745 487 813 editas
511 746 717 829 audiverunt,
743 765 779 813 se
802 749 931 814 domum
955 747 1082 814 intrare
1104 745 1276 831 simulant,
1301 766 1373 814 cum

145 854 386 938 Clytaemestra
424 873 496 921 cum
531 854 724 936 corporibus
763 855 889 921 necatis
927 873 986 936 per
1021 854 1205 938 eccyclema
1241 855 1375 922 evoluta

146 960 308 1044 efficitur,
344 967 380 1027 ut
409 979 462 1028 res
492 980 576 1042 quae
606 967 787 1043 sequuntur
823 962 910 1027 intra
942 962 1069 1028 domum
1101 962 1158 1046 agi
1188 961 1372 1029 videantur.

145 1068 240 1152 Quod
268 1070 311 1134 ad
333 1068 583 1135 instrumentum
612 1069 831 1136 adhibendum
858 1070 979 1135 haere
1008 1070 1168 1136 adductus
1193 1075 1256 1152 est,
1288 1072 1374 1152 quod

144 1175 287 1242 interior
301 1195 380 1259 pars
396 1176 508 1259 regiae
525 1176 599 1259 ipsa
622 1177 866 1259 repraesentari
882 1196 947 1242 non
964 1182 1103 1259 poterat.
1144 1177 1238 1245 Unde
1262 1196 1373 1244 necem

145 1285 253 1366 ipsam
276 1282 343 1350 nisi
359 1285 557 1350 clamoribus
574 1283 697 1351 auditis
714 1282 757 1370 (v.
778 1283 876 1370 1345)
900 1284 1143 1366 spectatoribus
1160 1288 1237 1351 ante
1262 1284 1374 1350 oculos

142 1391 224 1474 poni
248 1410 313 1457 non
335 1409 432 1474 posse
457 1391 672 1474 intellegitur.

235 1497 300 1564 Sed
322 1498 436 1579 quidni
460 1503 537 1564 ante
560 1499 658 1564 aedes
687 1497 739 1563 illi
762 1499 945 1565 necantur?
989 1498 1104 1579 Neque
1127 1504 1257 1583 poetam
1282 1499 1374 1565 illam

143 1607 184 1671 ad
211 1605 373 1672 rationem
397 1605 614 1672 adhibendam
639 1605 789 1672 versibus
813 1605 999 1672 Homericis
1023 1606 1241 1672 1410-411

307 1727 383 1797 ε”κτα
407 1727 466 1798 σὺν
489 1727 648 1818 οὐλομένῃ
673 1728 780 1816 ἀλόχῳ
805 1723 960 1797 οἶκόνδε
982 1728 1190 1810 καλέσσας,

309 1837 514 1920 δειπνίσσας,
539 1835 585 1914 ὥς
607 1838 658 1915 τίς
680 1861 717 1904 τε
739 1835 913 1905 κατέκτανε
935 1841 1016 1924 βοῦν
1040 1836 1095 1904 ε’πὶ
1120 1837 1227 1926 φάτνῃ

143 1984 219 2032 εεεε
250 1971 444 2030 commotum
472 1963 548 2029 inde
576 1965 799 2047 cognoscitur,
833 1965 1045 2046 quodetiam
1076 1964 1112 2029 in
1143 1965 1220 2030 aliis
1250 1963 1374 2032 fabulis

143 2073 284 2138 eandem
311 2071 460 2152 sequitur
486 2071 657 2138 rationem.
705 2072 769 2139 Sed
797 2074 883 2153 quod
912 2090 1072 2155 personae
1100 2075 1141 2138 cb
1171 2091 1242 2138 eam
1270 2072 1374 2139 solam

142 2199 281 2249 causam
308 2179 498 2261 plerumque
527 2179 616 2244 intra
638 2181 766 2244 domum
790 2179 897 2261 ipsam
921 2179 1032 2245 necari
1058 2179 1304 2262 existimantur,
1333 2199 1374 2246 ne

142 2294 350 2372 spectatores
366 2285 590 2352 taeterrimam
606 2304 717 2351 necem
734 2287 840 2367 ipsam
857 2286 961 2352 oculis
978 2285 1183 2369 conspiciant
1193 2286 1227 2372 ¹),
1252 2286 1374 2369 impro-

142 2397 290 2464 bandum
314 2413 385 2460 esse
408 2392 490 2458 mihi
506 2393 646 2459 videtur.
687 2393 770 2460 Nam
794 2413 900 2460 nonne
924 2393 1025 2460 multu
1049 2393 1156 2476 magis
1181 2413 1240 2460 nos
1263 2395 1375 2460 taedet

142 2504 420 2588 Clytaemestram
445 2499 593 2567 facinore
618 2500 789 2568 commisso
814 2501 1062 2567 accuratissime
1087 2500 1254 2583 explicare
1278 2519 1373 2581 quem

142 2612 186 2677 ad
213 2608 343 2674 modum
366 2606 443 2674 illos
467 2606 684 2674 trucidaverit
708 2607 764 2692 (ci.
790 2628 820 2674 v.
841 2608 1043 2693 1384—86):

360 2731 451 2799 παίω
475 2730 511 2799 δέ
536 2759 586 2800 νιν
610 2733 680 2809 δίς·
706 2729 766 2798 κάν
789 2734 883 2799 δυοῖν
906 2730 1130 2818 οἰμωγμάτοιν

361 2844 506 2928 μεθῆκεν
529 2837 634 2907 αὑτοῦ
657 2841 762 2907 κῶλα·
787 2841 842 2906 καὶ
865 2837 1053 2907 πεπτωκότι

360 2946 474 3038 τρίτην
498 2943 700 3032 ἐπενδίδωμι
732 2967 758 3014 e.
777 2966 806 3029 q.
824 2951 876 3014 s.?

237 3075 329 3160 Quae
357 3093 429 3140 cum
459 3074 508 3140 ita
531 3074 607 3156 sint,
639 3074 708 3140 alia
731 3093 831 3140 causa
859 3081 958 3157 poeta
985 3080 1163 3141 commotus
1194 3091 1265 3139 esse
1293 3073 1373 3139 mihi

141 3186 287 3254 videtur.
334 3181 370 3248 si
394 3181 480 3247 enim
503 3181 705 3264 Agamemno
730 3188 763 3247 et
786 3181 973 3248 Cassandra
997 3199 1108 3246 coram
1131 3179 1374 3263 spectatoribus

140 3290 411 3359 interdicerentur
449 3295 482 3354 et
514 3288 753 3372 Clytaemestra
786 3290 940 3354 adstante
978 3288 1012 3352 in
1051 3306 1171 3354 scaena
1206 3288 1373 3368 cubarent,

141 3400 299 3481 quisnam
338 3395 491 3478 Aegisthi
529 3403 642 3478 partes
680 3397 819 3479 ageret?
881 3395 989 3476 Amne
1031 3395 1067 3460 in
1105 3393 1307 3476 Choephoris
1346 3393 1375 3459 si

140 3505 327 3588 Aegisthus
351 3511 384 3569 et
404 3503 644 3587 Clytaemestra
668 3503 789 3570 mortui
812 3522 965 3570 scaenam
989 3508 1146 3584 tenerent,
1172 3521 1265 3568 nemo
1289 3508 1377 3566 esset

142 3613 203 3694 qui
234 3611 374 3677 nutricis
402 3617 514 3693 partes
545 3610 734 3692 susciperet.
787 3612 832 3676 At
859 3610 1053 3693 corporibus
1084 3609 1249 3675 hominum
1278 3627 1375 3674 neca-

141 3727 255 3787 torum
288 3718 380 3784 foras
412 3718 552 3800 prolatis
585 3718 641 3799 qui
674 3717 806 3784 illorum
838 3724 951 3800 partes
984 3721 1082 3782 antea
1115 3723 1265 3800 egerant,
1298 3715 1375 3781 aliis

140 3825 298 3909 partibus
326 3825 545 3907 suscipiendis
567 3827 746 3906 vacabant,
778 3826 864 3906 quod
892 3844 956 3890 ncn
985 3823 1051 3906 ipsi
1079 3823 1226 3890 homines
1255 3823 1374 3904 necati,

140 3933 204 4001 sed
237 3931 369 3999 illorum
401 3933 562 4016 imagines
595 3933 836 4014 spectatoribus
869 3934 1138 3998 monstrabantur
1147 3930 1181 4016 ²³).
1234 3930 1306 4013 Qua
1339 3949 1374 3994 re

141 4040 290 4124 speciem
329 4040 379 4106 rei
411 4040 520 4107 factae
550 4041 722 4106 admodum
760 4039 864 4105 minui
894 4040 949 4106 vel
988 4039 1116 4104 turbari
1146 4056 1240 4104 nemo
1276 4055 1376 4119 nega·

241 4271 260 4340 ¹)
279 4270 380 4327 Nechel
406 4271 423 4326 i.
438 4287 459 4327 c.
480 4289 504 4340 p.
519 4272 550 4325 t:
582 4269 669 4340 „Seius
694 4271 771 4326 weiss
802 4271 932 4340 cerleyien
958 4271 1002 4325 die
1026 4269 1140 4324 Dichter
1165 4269 1252 4340 so‘lcbe
1276 4267 1377 4323 deenen

143 4363 240 4416 δίκην
260 4359 303 4416 die
320 4360 432 4428 Botlme,
456 4361 516 4415 weil
534 4363 574 4416 sie
592 4361 647 4430 aas
663 4361 764 4430 offerret
784 4360 867 4414 Scene
886 4360 1008 4415 cladomb
1026 4360 1077 4414 den
1092 4360 1194 4429 senen,
1213 4359 1378 4428 geldeticrtea

146 4451 317 4506 Grammack
333 4451 409 4506 ihrer
427 4451 585 4506 Ζκτοδονοτ
603 4450 728 4520 beletdiyt
746 4450 863 4506 lacteat

243 4539 264 4610 ³)
284 4540 407 4608 Quacum
425 4543 605 4608 reconvenit,
624 4540 695 4607 qnod
709 4541 811 4596 Seneca
823 4541 921 4609 quippe
935 4541 1013 4594 cuius
1027 4538 1138 4593 fabulae
1157 4553 1211 4591 non
1232 4541 1311 4591 actae
1331 4536 1378 4590 sed

144 4630 238 4685 lectae
258 4631 322 4698 sint,
342 4645 473 4699 personas
492 4645 583 4686 coram
602 4630 804 4698 spectatoribus
822 4629 941 4683 interfici
960 4629 1038 4684 iacit.

203 4752 324 4807 Forsan,
343 4754 435 4808 Quibus
450 4755 565 4798 nrtiiicils
580 4753 700 4798 adhibitis
716 4755 807 4808 tragici
823 4787 828 4796 .
844 4785 868 4796 ..
1254 4735 1270 4788 2
