3442 5324
859 410 1071 510 ‚m

439 626 530 708 Quae
558 644 610 690 res
640 623 741 689 multo
768 624 875 707 magis
899 642 996 706 qnam
1025 624 1067 690 iis
1092 643 1172 704 quos
1196 625 1295 690 attuli
1324 624 1408 690 loeis
1431 643 1572 706 compro-

348 735 447 798 batur
470 732 621 797 Helena
645 737 678 796 et
701 731 841 797 Oreste
866 731 999 798 fabulis

438 838 539 904 Initio
561 839 647 904 enim
671 838 763 903 illius
788 837 923 904 fabulae
946 839 1134 904 Helenam
1159 839 1193 905 in
1209 839 1321 905 Protei
1345 837 1495 920 sepulcro
1517 840 1573 904 sub

348 947 423 1027 ipsa
449 945 545 1028 regia
572 945 682 1028 posito
712 946 878 1012 sedentem
907 945 1143 1028 conspicimus,
1175 946 1210 1011 id
1238 947 1322 1027 quod
1350 945 1477 1011 Helena
1506 945 1573 1026 ipsa.

349 1053 402 1119 his
426 1053 537 1120 verbis
562 1053 708 1134 explieat
731 1051 774 1138 (v.
792 1051 954 1138 63-65):

882 1167 940 1234 τὸν
963 1166 1069 1235 πάλαι
1092 1166 1122 1233 d'
1145 1164 1225 1252 ἐμὸν
1249 1166 1350 1235 πόσιν

562 1279 693 1360 τιμῶσα
716 1273 910 1364 Πρωτέως
933 1280 1064 1363 μνῆμα
1087 1275 1318 1365 προσπίτνω
1342 1273 1432 1342 τόδε

563 1380 699 1460 ἱκέτις,
722 1380 769 1449 ἵν’
793 1380 908 1472 ἀνδρὶ
930 1379 1034 1467 τάμὰ
1058 1379 1238 1471 διασώζσῃ
1261 1382 1363 1472 λέχη.

440 1503 510 1585 Quo
535 1502 620 1581 quod
643 1501 771 1566 Helena
795 1499 960 1583 confugit,
990 1506 1061 1567 tota
1085 1500 1200 1566 fabula
1228 1499 1286 1565 illo
1311 1499 1380 1566 solo
1404 1500 1476 1566 loco
1504 1501 1570 1582 agi-

350 1617 420 1688 tur;
453 1626 528 1674 nam
552 1607 811 1690 'theoclymenus
834 1608 982 1674 Helenae
1006 1609 1212 1689 quaerendae
1235 1627 1336 1674 eausa
1360 1628 1424 1673 non
1448 1610 1568 1673 domum

348 1715 466 1796 intrat,
500 1715 559 1780 sed
590 1716 633 1780 ad
665 1714 849 1796 sepulerum
881 1714 989 1796 ipsum
1022 1714 1189 1797 consistit,
1222 1733 1317 1795 quem
1347 1714 1454 1781 locum
1484 1714 1569 1780 illam

343 1828 462 1905 tenere
484 1822 572 1887 haud
596 1822 726 1904 ignoret
750 1819 806 1906 (of.
834 1842 862 1888 v.
883 1819 1088 1906 1177-79);

563 1933 644 2014 ἀλλ’,
668 1933 715 2013 οἷς
738 1933 832 2016 ἔοικε,
857 1933 966 2002 πάντα
990 1934 1265 2025 διαπεπραγμένα

563 2041 707 2134 ηὕρηκα·
739 2043 889 2130 τύμβου
912 2042 983 2133 γὰρ
1007 2042 1121 2121 κενὰς
1143 2042 1298 2111 λιποῦσ’
1321 2043 1438 2134 ἕδρας

564 2150 582 2240 ἦ
609 2153 805 2241 Τυνδαρὶς
828 2157 924 2228 παῖς
947 2150 1301 2241 ἐκπεπόρθμευται
1324 2148 1478 2233 χθονός.

438 2270 552 2350 Neque
567 2276 739 2351 postquam
756 2289 796 2334 ex
809 2271 964 2336 Theonoe
977 2270 1055 2350 quid
1069 2271 1108 2335 de
1120 2269 1270 2335 Menelao
1287 2270 1388 2336 sciret
1400 2267 1565 2350 quaesivit,

352 2378 479 2443 Helena
489 2377 576 2442 domi
593 2382 748 2459 remanet,
766 2379 823 2442 sed
844 2378 916 2443 sine
930 2396 1024 2443 mora
1040 2377 1074 2442 in
1091 2395 1243 2443 scaenam
1260 2377 1347 2442 redit
1363 2376 1406 2462 (v.
1421 2374 1565 2460 staret:

563 2490 618 2582 ἥδ’
641 2483 689 2558 αὖ
711 2490 839 2582 τάφου
862 2490 966 2558 τοῦδ’
990 2491 1047 2569 εἷς
1070 2491 1188 2580 ἕδρας
1211 2489 1280 2577 ἐγὼ
1303 2489 1425 2559 πάλιν

564 2599 704 2681 στείχοι
727 2603 916 2685 μαθοῦσα
941 2598 1112 2688 Θεονόης
1135 2599 1277 2690 φίλους
1300 2597 1439 2685 λόγους

439 2718 484 2782 At
506 2718 534 2782 si
559 2718 675 2782 saltem
707 2717 742 2782 in
766 2717 907 2784 Oreste
940 2717 1056 2783 fabula
1083 2717 1156 2783 fieri
1185 2737 1250 2782 non
1272 2735 1369 2799 posse
1396 2715 1569 2798 putaveris,

349 2825 428 2906 quin
452 2825 585 2891 Orestes
609 2844 630 2891 a
652 2825 766 2891 Furiis
790 2825 954 2891 exereitus
982 2831 1080 2904 atque
1109 2843 1245 2906 corpore
1269 2825 1398 2890 defesso
1428 2824 1461 2890 in
1490 2823 1571 2889 leoto

348 2938 534 3014 prostratus
558 2931 648 2997 intra
671 2931 798 3015 regiam
822 2933 928 3015 ipsam
952 2937 1080 3014 ageret,
1106 2951 1203 3012 quam
1227 2925 1370 2997 maxiuie
1393 2930 1572 3008 erraveris3

349 3041 434 3120 quod
458 3039 514 3120 qui
537 3039 583 3104 sit
606 3039 767 3122 effectum,
798 3060 815 3104 e
838 3039 950 3106 verbis
974 3039 1027 3104 his
1050 3039 1198 3105 Helenae
1221 3039 1328 3105 elueet
1351 3039 1394 3124 (v.
1412 3038 1571 3122 46-4a):

562 3152 654 3239 ε”ὄοξε
679 3151 708 3221 δ’
723 3151 835 3243 ’Ἀργει
858 3156 957 3239 τῷδε
980 3152 1071 3242 μήθ’
1095 3154 1195 3243 ἡμᾶς
1219 3152 1377 3239 στέγαις

561 3260 611 3350 μὴ
634 3263 730 3350 πυρὶ
755 3258 946 3343 δέχεσθαι
970 3260 1053 3350 μήτε
1075 3267 1289 3351 προσφωνεῖν
1311 3284 1386 3329 τινα

561 3371 873 3458 μητροκτονοῦντας.

435 3487 537 3569 Quae.
560 3503 631 3550 oum
665 3485 714 3551 ita
741 3485 822 3567 sint,
863 3505 929 3551 non
960 3491 1010 3552 est
1039 3486 1222 3552 mirandum
1260 3486 1347 3566 quod
1377 3504 1487 3552 omnes
1520 3503 1569 3550 res

347 3592 466 3672 quibus
489 3591 542 3657 illi
565 3592 730 3658 intersunt
752 3598 829 3658 ante
852 3593 978 3676 regiam
1002 3598 1146 3676 aguntur
1156 3591 1189 3678 ¹).
1281 3581 1286 3591 ¹

437 3698 510 3782 Qua
539 3702 581 3764 ab
611 3698 741 3766 ratione
766 3719 831 3765 non
859 3700 1015 3766 abhorret
1037 3701 1150 3767 Ionis
1181 3699 1298 3766 fabula
1327 3699 1383 3785 (ef.
1409 3719 1439 3766 v.
1457 3701 1499 3765 82
1510 3695 1566 3780 sq.)

348 3813 381 3872 et
404 3807 578 3888 Medeae,
604 3804 720 3887 inqua
742 3806 856 3872 nutrix
880 3809 1072 3890 paedagogo
1097 3827 1155 3874 our
1171 3815 1249 3874 ante
1271 3807 1391 3874 ostium
1415 3813 1499 3872 astet
1521 3805 1565 3870 in·

348 3912 532 3996 terroganti
556 3913 637 3980 haee
660 3915 837 3996 respondet
860 3912 904 4000 (v.
922 3913 1114 4002 56—58)’³):

439 4162 458 4233 ¹)
478 4164 565 4231 Quam
590 4177 701 4216 oausam
727 4165 852 4229 nisique
873 4165 930 4217 reri
954 4163 1071 4218 similius
1097 4163 1139 4217 illi
1162 4163 1196 4218 ad
1221 4165 1326 4235 regiam
1349 4179 1431 4234 agere
1454 4165 1563 4234 possent,

348 4253 442 4308 fictam
461 4268 515 4307 non
535 4267 594 4307 esse
613 4253 668 4306 iam
688 4251 750 4307 inde
770 4255 959 4323 cognoscitur,
983 4254 1055 4320 quod
1073 4255 1149 4308 iutra
1168 4253 1293 4310 fabulam
1311 4255 1399 4323 ipsam
1423 4253 1472 4308 ille
1487 4249 1564 4307 haud·

347 4357 483 4409 quoquam
507 4341 559 4397 sibi
584 4346 711 4410 oonstat;
736 4342 849 4398 Electra
872 4345 944 4397 enim
963 4343 1054 4398 Oresti
1074 4343 1183 4398 domurn
1206 4345 1312 4399 intrare
1335 4344 1441 4399 iubenti
1464 4340 1565 4408 obsequi

348 4447 403 4485 non
423 4429 533 4486 dubitat
553 4431 599 4502 (ef.
620 4449 644 4484 v.
658 4431 709 4486 301
721 4433 779 4499 σα).

438 4523 458 4589 ²)
479 4519 520 4577 Of.
540 4523 572 4576 G.
588 4521 694 4590 Kaibel
714 4521 836 4590 Sophoel.
851 4522 963 4590 Electr,
983 4522 1046 4578 adn.
1060 4520 1095 4576 ad
1108 4539 1133 4576 r.
1145 4523 1212 4576 424:
1239 4521 1321 4578 Dicae
1335 4519 1418 4577 stetu
1431 4519 1564 4591 paredum

348 4610 396 4664 der
415 4611 494 4666 ΚσσΙι
511 4612 554 4666 tei
566 4611 708 4667 Philemon
726 4612 836 4681 (Athen.
849 4611 902 4668 VII
922 4613 999 4684 288):
1019 4611 1081 4682 „aa
1098 4611 1156 4670 roill
1167 4611 1288 4667 Himmal
1300 4612 1357 4667 und
1369 4611 1447 4668 Erde
1460 4607 1565 4679 jedeiad
