3452 5316
617 1115 767 1217 Index
804 1154 964 1216 rerum

179 1541 321 1594 Praefatio

177 1649 267 1716 Caput
286 1647 306 1700 I.
347 1648 385 1701 De
405 1648 544 1701 nominum
563 1647 742 1714 Graecorum,
768 1663 837 1714 quae
862 1647 932 1714 apud
952 1651 1047 1715 poetas
1067 1647 1204 1701 Romanos
1223 1648 1263 1701 in-

285 1739 442 1804 veniuntur,
461 1751 573 1790 numero
630 1777 1261 1791 ..............
1300 1737 1405 1791 2-129

223 1826 282 1895 §L
322 1827 360 1879 De
379 1827 542 1879 nominativi
561 1833 589 1878 ei
608 1826 728 1878 vocativi
749 1825 845 1878 formis
899 1867 1261 1880 .........
1318 1827 1406 1880 2-59

323 1918 345 1969 1.
366 1915 405 1968 De
424 1916 593 1969 nominativo
613 1930 660 1983 per
680 1933 721 1975 -ος
740 1913 782 1967 uel
802 1934 848 1968 -ον
867 1916 1016 1968 terminato
1034 1957 1261 1969 ......
1319 1915 1407 1969 2-16

321 2006 346 2058 2.
381 2047 391 2072 „
425 2005 551 2058 vocativo
571 2005 709 2058 nominum
728 2019 775 2071 per
795 2022 837 2064 -ος
855 2003 899 2057 vel
918 2022 964 2058 -ον
982 2006 1216 2057 terminatorum.
1257 2047 1261 2056 .
1302 2047 1307 2058 .
1373 2005 1406 2058 16

321 2095 346 2149 3.
381 2139 391 2160 ,,
433 2095 603 2147 nominativo
632 2099 659 2146 et
685 2094 812 2147 vocativo
839 2094 979 2147 nominum
1007 2109 1054 2160 per
1083 2115 1127 2154 -ας
1153 2093 1195 2146 vel
1222 2115 1264 2160 -ης

366 2185 494 2253 genetivo
513 2184 541 2236 in
561 2201 607 2236 -ου
626 2187 788 2236 excurrente
807 2183 1017 2236 terminatorum
1034 2224 1261 2237 ......
1303 2183 1406 2237 16-23

321 2275 345 2327 4.
367 2273 406 2326 De
425 2272 594 2326 nominativo
621 2278 649 2325 ei
673 2272 799 2325 vocativo
824 2272 963 2325 nominum
983 2287 1030 2338 per
1049 2294 1076 2338 -η
1096 2271 1140 2325 vel
1159 2293 1188 2324 -α
1208 2276 1263 2325 ier·

366 2364 532 2416 minotorum
587 2404 860 2416 .......
902 2407 904 2411 .
946 2403 1261 2417 ........
1300 2361 1407 2415 23-30

321 2454 346 2508 ᾗ.
368 2452 407 2505 De
431 2453 600 2505 nominativo
626 2456 655 2504 et
680 2451 806 2505 vocativo
830 2452 969 2505 nominum
993 2467 1040 2518 per
1059 2453 1094 2504 4¹8
1113 2466 1158 2505 -ao
1177 2467 1202 2504 -r
1220 2450 1263 2505 vel

366 2557 415 2595 -uro
433 2557 482 2610 ·y:o
500 2557 531 2593 -ω
549 2540 591 2594 vel
611 2557 659 2594 -an
679 2541 720 2594 ·in
739 2557 783 2595 en
802 2540 845 2594 vel
865 2557 909 2594 -ον
928 2557 968 2596 -er
986 2541 1215 2594 terminatorum.
1256 2585 1259 2592 .
1298 2541 1405 2594 30-32

321 2633 345 2686 6.
367 2631 406 2684 De
417 2630 587 2684 nominativo
598 2635 626 2684 et
636 2631 763 2685 vocativo
774 2631 913 2684 nominum
927 2646 974 2698 per
984 2649 1042 2692 -ευς
1052 2631 1263 2684 terminatorum
1299 2631 1363 2684 32-
1372 2630 1406 2682 46

832 2763 842 2788 ,‚
948 2763 957 2787 „
986 2741 1037 2774 -ων
1137 2763 1147 2788 „
1299 2720 1402 2773 46-51

834 2853 844 2877 „
949 2851 958 2876 „
986 2830 1030 2870 -υς
1138 2853 1147 2876 „
1299 2808 1405 2862 51-53

832 2943 843 2966 „
931 2900 1057 2953 neutrius
1080 2901 1189 2967 generis
1215 2913 1262 2966 per

367 3009 409 3050 -ος
427 2990 637 3042 terminatorum
675 3029 1303 3044 ...............
1369 2987 1404 3040 53

307 3078 346 3132 10.
368 3077 407 3131 ne
426 3079 596 3131 nominativo
616 3082 644 3131 et
657 3079 783 3132 vocativo
798 3079 936 3131 nominum
955 3093 1003 3145 per
1022 3095 1082 3138 -ους
1101 3099 1149 3138 -ως
1167 3099 1201 3130 -ω
1220 3077 1263 3131 vel

366 3189 408 3236 -ης
427 3186 465 3228 -ες
484 3169 695 3221 terminatorum
721 3208 1262 3223 .............
1299 3167 1406 3220 53-56

306 3258 345 3311 11.
366 3257 406 3310 De
425 3257 594 3310 nominativo
614 3262 643 3309 ei
661 3258 788 3310 vocativo
807 3258 948 3310 nominum
967 3255 1082 3324 pluralis
1122 3299 1127 3310 .
1168 3299 1172 3310 .
1212 3297 1216 3308 .
1256 3299 1261 3310 .
1299 3255 1406 3310 56-59

223 3349 282 3414 52.
321 3347 361 3400 De
380 3347 502 3416 genetivi
521 3345 608 3400 dativi
628 3345 743 3399 ablativi
763 3345 861 3400 formis
898 3387 1260 3401 ........
1299 3345 1405 3399 59-72

323 3437 345 3489 1.
366 3436 406 3489 De
426 3436 553 3504 genetivo
572 3451 619 3502 per
638 3455 685 3489 -oo
703 3434 746 3488 vel
766 3457 811 3497 -ας
830 3457 872 3502 -ης
891 3437 1040 3490 terminato
1078 3479 1082 3488 .
1123 3479 1127 3488 .
1168 3477 1172 3487 .
1210 3479 1214 3488 .
1256 3478 1261 3490 .
1298 3435 1406 3488 59-63

321 3527 346 3580 2.
381 3569 391 3594 ‚‚
483 3567 493 3591 „
589 3568 599 3594 „
639 3545 681 3585 -ος
700 3525 849 3578 terminato
900 3565 1262 3579 .........
1299 3523 1406 3577 63-65

321 3615 345 3668 3.
381 3657 391 3682 ,,
424 3615 537 3680 reliquis
556 3615 678 3683 genetivi
697 3613 794 3668 formis
808 3655 1260 3669 ..........
1298 3613 1404 3666 65-67

322 3705 345 3758 4.
381 3746 392 3773 ,,
426 3703 514 3757 dativi
533 3703 628 3756 formis
675 3745 1262 3758 ...............
1300 3701 1406 3756 67-68

321 3795 346 3848 5.
381 3835 392 3861 ‚,
427 3791 542 3846 ablativi
557 3791 654 3846 formio
672 3793 820 3859 nominum,
839 3807 954 3858 quorum
966 3793 1154 3846 nominativus
1173 3793 1201 3846 iu
1221 3809 1263 3852 -ος

367 3902 413 3936 -ον
431 3881 473 3935 vel
494 3903 524 3935 -α
542 3904 570 3950 -η
589 3903 631 3950 -ης
649 3883 708 3936 exii
766 3922 1260 3938 ............
1299 3881 1405 3934 68-72

322 3973 346 4026 6.
368 3971 408 4025 De
426 3970 539 4037 reliquis
558 3970 675 4024 ablativi
693 3971 790 4025 formis
811 4012 1306 4026 ............
1371 3969 1404 4022 71

323 4063 347 4115 7.
382 4104 392 4130 „
426 4061 572 4114 eorundem
592 4075 706 4114 coenum
724 4060 819 4115 formis
838 4060 991 4129 pluralibus
1034 4099 1305 4115 .......
1371 4060 1405 4112 72

224 4151 284 4214 §ii
322 4151 363 4204 De
383 4151 534 4204 accusativi
553 4149 652 4205 formis
676 4190 1260 4206 ..............
1300 4148 1405 4202 72-107

325 4243 348 4296 l.
368 4241 408 4294 De
428 4241 587 4295 accusativo
606 4256 653 4309 per
673 4260 719 4295 -ον
737 4241 886 4294 terminato
945 4279 1262 4294 ........
1300 4239 1407 4292 72-79

323 4330 346 4384 2.
382 4373 392 4399 „
510 4373 520 4398 ,‚
623 4373 634 4398 „
673 4350 721 4384 -αν
739 4330 782 4383 vel
802 4350 848 4397 -nv
874 4331 1023 4383 terminato
1045 4329 1215 4383 nominativo
1235 4329 1263 4381 in

367 4440 412 4480 -ας
429 4419 472 4472 vei
492 4441 534 4486 -ης
552 4423 713 4472 excurrente
764 4458 1261 4475 ............
1300 4417 1405 4470 79-84

321 4510 346 4563 3.
368 4509 407 4562 De
427 4511 585 4563 accusativo
605 4525 652 4576 per
671 4529 719 4562 -αν
738 4509 781 4563 vel
801 4529 847 4577 -ην
868 4510 1015 4562 terminato
1037 4508 1206 4562 nominativo
1235 4509 1263 4560 in

367 4619 397 4652 -α
416 4599 459 4652 vel
479 4621 506 4666 -η
526 4604 688 4654 excurrente
720 4638 1262 4654 .............
1299 4597 1406 4650 84-89
