3452 5314
759 401 801 466 37

252 617 313 683 Bis
342 623 451 683 autem
482 617 668 684 invenimus
699 639 769 682 -cas
799 616 834 681 in
864 616 949 682 thesi
980 615 1089 682 vocali
1118 615 1324 698 insequente,
1357 614 1393 680 in

164 724 419 807 Agamemnonis
443 744 541 791 versu
565 724 646 790 560:

369 850 486 933 fallax
510 848 704 932 Caphercns;
735 856 858 915 aestuat
881 850 1019 931 scopulis
1034 849 1159 931 fretum

165 975 256 1041 etin
279 975 433 1041 Herculis
458 975 599 1040 furentis
623 993 721 1041 versu
746 975 804 1039 13:

377 1121 514 1183 suosque
537 1099 672 1165 Perseos
697 1121 813 1165 cureris
837 1099 944 1165 stellas
968 1097 1069 1165 habet.

251 1225 315 1292 Sed
338 1225 389 1290 his
405 1244 532 1305 quoqne
548 1226 673 1291 duobus
697 1224 780 1290 locis
804 1246 874 1290 -cus
897 1242 962 1289 non
983 1223 1184 1307 bisyllabum
1207 1225 1391 1289 habendum

163 1339 222 1414 ost,
248 1351 321 1398 cum
337 1333 418 1398 duas
435 1331 583 1415 syllaba-s
598 1351 711 1398 vocem
728 1331 943 1397 terminantes
968 1331 1003 1396 in
1018 1331 1105 1396 thesi
1129 1331 1253 1396 senarii
1270 1350 1391 1413 ponere

163 1459 228 1506 non
245 1439 354 1505 liceat.
393 1439 572 1504 Pmeterea
595 1439 647 1504 his
664 1457 790 1519 quoque
814 1439 896 1504 locis
912 1437 1142 1522 monosyllaba
1165 1438 1390 1520 pronuntiatio

162 1549 403 1629 comprobatur,
458 1545 593 1612 Perseus
626 1545 712 1610 enim
745 1545 865 1610 ceteris
899 1547 1024 1612 duobus
1058 1545 1156 1629 locis,
1190 1545 1308 1625 quibus
1340 1545 1391 1611 in-

161 1655 305 1735 venitur,
330 1655 509 1735 spondeum
531 1655 685 1735 praebet:

210 1780 296 1846 Η.Ο.
320 1778 379 1844 51:
412 1800 638 1862 quamcumque
655 1781 762 1861 pressi
785 1817 827 1824 -
847 1800 928 1860 pars
952 1785 1047 1862 quota
1069 1787 1114 1845 est
1136 1779 1273 1845 Perseos
1296 1780 1356 1844 mci

320 1888 379 1952 94:
413 1886 538 1970 Python
560 1888 595 1952 ia
617 1887 740 1970 hydro!
768 1886 915 1952 Bocchus
939 1895 966 1953 ct
989 1886 1125 1952 Perseos
1148 1889 1223 1953 dcis.

249 2012 400 2078 Nominis
436 2011 613 2095 Caphereos
645 2011 910 2078 terminationem
944 2013 1056 2078 eodem
1090 2013 1184 2078 modo
1217 2012 1390 2096 legendam

161 2139 235 2187 esse
259 2119 413 2186 Herculis
438 2119 553 2186 Oetaei
578 2139 693 2186 versus
719 2121 799 2184 777:

375 2247 489 2312 candit
514 2245 701 2328 Caphereos,
726 2247 820 2312 serui
842 2247 899 2312 hoc
922 2245 1043 2312 Austro
1067 2246 1151 2312 lotos

162 2391 201 2437 eo
226 2371 348 2436 certius
373 2371 624 2452 demonstratur,
656 2368 742 2450 quod
770 2370 805 2435 in
829 2389 926 2437 versu
953 2391 1054 2453 snpra
1082 2371 1185 2437 allato
1211 2371 1389 2455 Caphereos

160 2480 274 2545 eodem
297 2498 411 2544 versus
435 2478 507 2545 loco
531 2478 672 2560 positum
697 2484 755 2544 cst.

251 2585 397 2651 Transeo
433 2587 475 2651 ad
510 2585 642 2651 cantica
676 2585 875 2668 ponmetrn,
911 2586 947 2650 in
978 2586 1095 2666 quibus
1130 2587 1226 2652 huius
1257 2586 1389 2670 generis

160 2693 296 2759 nomina
319 2693 509 2760 undevicies
532 2692 754 2759 inveniuntur.

253 2800 468 2883 Anapaestici
496 2800 690 2867 mouometri
721 2800 853 2884 syllaba
875 2821 946 2866 -eas
976 2800 1077 2867 semel
1107 2801 1256 2867 ultimam
1286 2802 1388 2883 arsin,

160 2907 295 2973 dimetri
329 2908 381 2974 bis
416 2908 580 2990 ultimam,
616 2915 668 2973 ter
700 2907 800 2974 aliam
834 2927 949 2974 versus
984 2908 1075 2975 arsin
1108 2909 1303 2975 consonanti
1338 2909 1389 2976 in-

160 3020 318 3095 sequente
341 3021 440 3081 tonet.
487 3015 533 3082 Ut
557 3015 717 3097 exemplis
740 3021 825 3096 utar,
851 3013 971 3081 affero:

320 3140 442 3205 Phaed.
469 3141 527 3204 22:
559 3139 660 3206 aures
684 3117 871 3206 Achorncics

321 3247 363 3312 Η.
373 3247 410 3314 o.
438 3247 540 3312 1155:
578 3248 675 3313 vtum
698 3248 841 3330 sap-aras
864 3247 937 3313 aaut
961 3228 1126 3331 napaeas

322 3354 407 3419 neo.
433 3355 513 3420 348:
550 3333 691 3438 erpotis
714 3359 811 3420 caeno
833 3357 970 3438 arpena
994 3357 1074 3438 nra.

250 3478 453 3561 Logooedici
485 3479 540 3559 qui
572 3479 725 3544 dicuntur
755 3498 870 3546 versus
900 3481 1054 3546 undecies
1087 3481 1221 3547 nomina
1252 3481 1288 3546 in
1319 3505 1389 3550 —eus

160 3586 372 3652 excurrentia
402 3589 570 3668 praebent.
619 3587 778 3668 Sapphici
810 3587 947 3652 minoris
975 3609 1045 3654 -ens
1075 3594 1127 3654 ter
1156 3589 1265 3655 ultimi
1295 3591 1389 3672 pedis

157 3693 279 3778 thesin,
304 3695 405 3760 semel
428 3695 520 3760 tertii
544 3694 702 3778 dactylici
725 3695 819 3776 pedis
844 3695 936 3760 arsin
959 3697 1105 3778 supplet:

322 3819 404 3904 roy.
422 3820 504 3885 547:
536 3822 591 3886 oric
616 3822 724 3906 potins
752 3824 863 3886 mentis
890 3823 1082 3889 emanans
1111 3802 1228 3891 Acras

322 3928 363 3992 Η.
374 3926 398 3992 f.
424 3927 505 3993 eoo:
538 3928 645 3996 Natos
673 3905 874 4012 aurasia-u
895 3931 1082 4012 properato
1099 3933 1198 4014 aaa

251 4044 291 4109 ln
324 4044 491 4130 Glyconeo
524 4067 594 4111 -eas
626 4051 679 4110 ter
709 4045 809 4126 primi
841 4045 936 4127 pedis
968 4048 1087 4130 thesin,
1124 4049 1224 4116 semel
1254 4049 1389 4116 secundi

158 4152 320 4238 dactylici
344 4152 436 4218 arsin
460 4159 614 4235 occupat:

321 4277 408 4344 no.
437 4279 539 4344 roan:
577 4257 718 4362 optas
740 4279 922 4364 napata„
945 4285 1033 4364 sepa
1048 4279 1071 4367 1)

435 4386 537 4452 1092:
569 4388 645 4456 aaa
671 4365 812 4471 optas
836 4389 943 4456 aaut
968 4387 1065 4455 aaa.

253 4617 271 4686 ¹)
296 4617 385 4687 Birt,
410 4617 478 4674 llus.
492 4619 577 4674 Rhen.
597 4619 715 4673 XXXIV
734 4635 760 4688 p.
774 4619 816 4674 28.
