3452 5316
839 487 1049 496 ..ψ-ι·-

376 605 479 684 έστέ,
519 605 683 696 έπείπερ
723 604 914 692 ε’γένεσθε.

376 713 420 781 οὔ
449 717 488 780 τί
520 737 559 798 γε
594 712 658 802 μην
689 713 917 803 λυθησεσθε

375 826 443 911 τῆς
465 822 558 910 ἐμῆς
572 820 796 912 βουλήσεως
811 823 916 912 κρείτ-

376 953 471 1006 τονος
494 927 645 996 θανάτου
669 927 832 1010 λαχόντες.

329 1040 420 1118 54,ιο
461 1037 500 1103 Τί
524 1035 580 1114 δέ,·
616 1035 658 1102 τό
689 1039 813 1113 καλῶς
841 1060 916 1102 ουν-

375 1143 475 1210 δεθέν
498 1145 553 1210 καὶ
581 1141 786 1234 άρμοσθὲν
809 1143 916 1210 λύειν

376 1251 498 1340 σοφίας
521 1244 608 1317 εἶναί
632 1275 683 1318 σοι
709 1254 814 1328 δοκεῖ,Ι

1016 605 1098 677 έιιοῦ
1117 629 1151 692 γε
1167 603 1212 694 μὴ
1228 604 1396 682 θέλοντος.
1435 603 1473 671 τό
1495 605 1555 690 μέν

1017 707 1075 780 οὖν
1099 712 1140 802 δη
1163 712 1264 780 δεθέν
1287 716 1355 778 πᾶν
1378 711 1486 792 λυτόν,
1513 711 1555 778 τό

1015 845 1050 906 γε
1088 820 1152 909 μὴν
1190 821 1314 896 καλῶς
1352 817 1554 908 άρμοσθέν

1015 929 1070 996 καὶ
1105 926 1179 1010 ἔχον
1214 919 1251 994 εὖ
1284 924 1393 993 λύειν
1427 925 1555 994 ἐθέλειν

1014 1039 1124 1103 κακοῦ.
1176 1032 1220 1102 δι’
1250 1033 1271 1100 ά
1302 1035 1357 1101 καὶ
1393 1034 1556 1124 ἐπείπερ

1014 1141 1242 1230 γεγένησθε,
1266 1138 1464 1209 α’θάνατοι
1489 1141 1557 1225 μὲν

1015 1247 1082 1315 οόκ
1125 1248 1212 1316 έστὲ
1255 1246 1325 1314 οὐδ’
1359 1245 1476 1314 άλυτοι
1519 1247 1557 1314 τό

1013 1355 1166 1442 πάμπαν,
1190 1355 1275 1423 οότι
1299 1355 1360 1440 μέν
1383 1356 1423 1445 δη
1440 1353 1558 1444 λυθὴ·

1014 1463 1134 1532 σεσθέ
1155 1487 1195 1548 γε
1215 1461 1292 1530 οέδέ
1308 1461 1469 1548 τεύξεσθε
1492 1469 1558 1528 θα·

1016 1571 1116 1638 νότου
1166 1572 1287 1659 μοίρας
1342 1574 1410 1659 τῆς
1464 1569 1559 1658 ἐμῆς

1014 1677 1257 1768 βουλήσεως
1306 1678 1458 1762 μείζονος
1508 1675 1559 1744 ἔτι

1016 1789 1141 1870 δεσμοῦ
1174 1787 1229 1852 καί
1262 1783 1464 1873 κυριωτέρου
1493 1785 1559 1850 λα-

1014 1892 1149 1975 χόντες
1178 1893 1308 1960 ἐκείνων
1332 1884 1392 1969 οἷς,
1424 1889 1471 1956 δι’
1492 1890 1558 1975 ε’γί-

1015 2008 1144 2086 γνεσθε,
1170 2001 1374 2066 συνεδεῖσθε.

330 2110 402 2190 46,ι
431 2106 585 2174 Πλάτωνι
615 2107 652 2174 δέ
672 2110 764 2174 δοκεῖ
785 2109 840 2174 καί
860 2105 916 2174 τόν
970 2109 1068 2174 Polit.
1098 2109 1215 2174 273ss
1250 2103 1302 2173 διό
1334 2104 1374 2194 δη
1405 2106 1457 2172 καί
1491 2104 1559 2171 τότ’

376 2212 452 2281 όλον
482 2213 604 2299 κόσμον
627 2220 744 2281 τοῦτον
773 2217 825 2282 καί
856 2239 915 2300 γε-

378 2321 497 2389 νέσθαι
524 2323 578 2388 καὶ
604 2319 728 2408 θνητόν
751 2316 836 2390 εἶναι
861 2323 914 2389 καὶ

375 2427 577 2495 άθάναίον
600 2428 839 2511 διασώζεσθαι.

1016 2212 1076 2303 ἤδη
1101 2212 1181 2290 θεός
1212 2211 1229 2279 ό
1257 2210 1427 2300 κοσμήσας
1457 2211 1558 2279 αι’τόν

1014 2326 1169 2410 καθορῶν
1210 2320 1245 2386 έν
1279 2317 1440 2408 ἀπορίαις
1479 2318 1558 2386 όντα

1015 2427 1202 2517 κηδόμενος,
1223 2427 1279 2494 ἵνα
1297 2425 1343 2516 μὴ
1359 2429 1558 2512 χειμασθείς

1015 2535 1081 2602 έπό
1115 2541 1260 2625 ταραχῆς
1297 2537 1474 2613 διαλυθεὶς
1508 2534 1558 2612 είς

1014 2641 1071 2709 τόν
1086 2648 1144 2733 τῆς
1160 2641 1396 2731 ἀνομοιότητος
1417 2640 1557 2730 άπειρον

1015 2749 1093 2817 ὄντα
1116 2749 1218 2817 τόπον
1242 2748 1319 2838 δόῃ,
1347 2748 1451 2816 πόλιν
1480 2748 1557 2838 &ipe-

1015 2861 1093 2947 δρος
1136 2856 1239 2924 αὐτοῦ
1276 2861 1342 2924 τεόν
1384 2858 1558 2946 πηδαλίων

1014 2963 1202 3050 γιγνόμενος
1228 2963 1270 3030 τά
1294 2963 1480 3054 νοσήσαντα
1502 2965 1557 3030 καί

1014 3071 1159 3139 λυθέντα
1187 3071 1222 3138 έν
1252 3077 1292 3161 τῇ
1327 3070 1405 3138 καθ’
1441 3070 1558 3138 έαοτόν

1014 3177 1160 3268 προτέρᾳ
1212 3177 1358 3267 περιόδῳ
1408 3177 1558 3267 στρέψας

1013 3291 1130 3369 κοσμεῖ
1174 3312 1210 3353 τε
1256 3287 1311 3352 καὶ
1358 3285 1557 3372 ἐπανορθῶν

1014 3391 1216 3460 ἀθάνατον
1240 3391 1340 3459 αὐτόν
1355 3393 1411 3459 καὶ
1426 3390 1557 3480 α’γόρων

1014 3498 1244 3589 ἀπεργάζεται.

332 3608 404 3687 51,τ
431 3603 599 3695 οὐρανόν
619 3604 666 3683 δέ,
691 3603 772 3672 όθεν
797 3603 915 3694 ὁχρό-
970 3609 1053 3674 Tim.
1077 3610 1164 3674 38Β
1195 3606 1335 3694 χρόνος
1358 3599 1461 3673 δὀόν
1484 3604 1555 3691 μετ’

376 3739 439 3790 νος
467 3709 602 3801 ἄρχεται
629 3766 687 3780 ...
713 3715 914 3800 δημιουργεῖ.

1016 3713 1159 3803 οὐρανοῦ
1181 3714 1319 3800 γέγονεν.

330 3823 416 3904 blm
445 3818 607 3896 Λιῗτόςδὲ
627 3821 704 3908 ἡμῖν
728 3820 746 3884 ό
763 3817 915 3898 Πλάτων,
969 3823 1053 3888 Tim.
1076 3823 1163 3889 28ss
1193 3823 1333 3909 πότερον
1362 3814 1400 3911 ἦν
1423 3818 1477 3889 ἀεὶ
1507 3845 1557 3906 γε·

375 3927 540 4016 μέμνησαι
584 3925 646 4015 γάρ
686 3925 721 3993 έν
764 3928 914 4013 Τιμαίῳ

374 4037 446 4111 πιός
492 4032 588 4100 οὐδέν
635 4031 915 4122 σχηματιζόμενος

375 4139 598 4228 ἀποφαίνεται
637 4141 798 4230 πρότερον
835 4141 914 4230 ε’ρω·

375 4252 449 4325 τεόν,
485 4246 626 4338 πιότεροι
656 4247 783 4333 γέγονεν
815 4247 833 4314 ό
862 4247 914 4314 κό-

375 4378 458 4437 σμος
498 4353 516 4443 ἢ
556 4355 595 4422 οό
629 4356 755 4442 γέγονεν
801 4355 867 4423 εἴθ’
897 4355 916 4445 η

374 4461 466 4528 αίτία
486 4461 765 4552 προσγέγραπται.
812 4463 914 4552 όρα-

373 4569 438 4646 τός
462 4596 501 4635 ιε
521 4569 590 4660 γάρ
616 4571 704 4638 ἐστιν
728 4569 852 4646 άπτός
875 4570 914 4636 τέ

1015 3926 1133 4004 νέοειος
1156 3927 1259 4018 ἀρχὴν
1284 3927 1366 4011 έχων
1396 3927 1559 4014 οὐδεμίαν

1015 4033 1033 4124 ἢ
1066 4034 1193 4121 γέγονεν
1233 4035 1291 4102 ἀπ’
1324 4035 1428 4125 ἀρχῆς
1465 4034 1559 4114 τινός

1014 4141 1214 4230 άρξάμενος,·
1229 4181 1253 4191 -
1269 4141 1404 4229 γέγονεν.
1423 4181 1447 4192 -
1464 4142 1559 4230 όρα-

1014 4247 1079 4326 τός
1113 4248 1183 4339 γάρ
1220 4249 1344 4327 άπτός
1373 4250 1413 4316 τέ
1447 4250 1558 4318 ἔστιν

1014 4359 1069 4422 καὶ
1093 4361 1188 4442 σῶμα
1212 4355 1305 4438 έχων,
1329 4355 1438 4424 πάντα
1463 4358 1501 4424 δέ
1516 4356 1560 4424 τὰ

1013 4467 1151 4531 τοιαόια
1175 4462 1324 4552 αἰσθητά
1348 4517 1356 4531 .
1384 4517 1391 4532 .
1418 4517 1426 4532 .
1450 4464 1559 4550 γιγνό-

1014 4596 1097 4654 μενα
1121 4573 1175 4637 καὶ
1199 4570 1335 4661 γεννητά
1359 4570 1477 4660 έιγάνη.
