<?xml version="1.0" encoding="UTF-8"?>
<!DOCTYPE html PUBLIC "-//W3C//DTD XHTML 1.0 Transitional//EN"
    "http://www.w3.org/TR/xhtml1/DTD/xhtml1-transitional.dtd">
<html xmlns="http://www.w3.org/1999/xhtml" xml:lang="en" lang="en">
 <head>
  <title>
</title>
<meta http-equiv="Content-Type" content="text/html;charset=utf-8" />
  <meta name='ocr-system' content='tesseract 3.04.00' />
  <meta name='ocr-capabilities' content='ocr_page ocr_carea ocr_par ocr_line ocrx_word'/>
</head>
<body>
  <div class='ocr_page' id='page_1' title='image "./deviatqueindole00cohngoog/deviatqueindole00cohngoog_0414.png"; bbox 0 0 3452 5316; ppageno 0'>
   <div class='ocr_carea' id='block_1_1' title="bbox 759 349 807 446">
    <p class='ocr_par' dir='ltr' id='par_1_1' title="bbox 759 349 807 446">
     <span class='ocr_line' id='line_1_1' title="bbox 759 349 807 446; baseline 0 0"><span class='ocrx_word' id='word_1_1' title='bbox 759 349 807 446; x_wconf 72' lang='lat' dir='ltr'><strong>u</strong></span> 
     </span>
    </p>
   </div>
   <div class='ocr_carea' id='block_1_2' title="bbox 214 511 1384 631">
    <p class='ocr_par' dir='ltr' id='par_1_2' title="bbox 214 511 1384 631">
     <span class='ocr_line' id='line_1_2' title="bbox 214 511 1384 631; baseline -0.009 -13"><span class='ocrx_word' id='word_1_2' title='bbox 214 564 230 630; x_wconf 68' lang='grc'>5</span> <span class='ocrx_word' id='word_1_3' title='bbox 248 562 273 616; x_wconf 91' lang='grc'><strong>8.</strong></span> <span class='ocrx_word' id='word_1_4' title='bbox 312 562 352 616; x_wconf 88' lang='lat' dir='ltr'><strong>De</strong></span> <span class='ocrx_word' id='word_1_5' title='bbox 364 561 477 616; x_wconf 88' lang='lat' dir='ltr'><strong>Graecis</strong></span> <span class='ocrx_word' id='word_1_6' title='bbox 488 561 595 628; x_wconf 88' lang='lat' dir='ltr'><strong>formis,</strong></span> <span class='ocrx_word' id='word_1_7' title='bbox 609 578 725 628; x_wconf 85' lang='lat' dir='ltr'><strong>quarum</strong></span> <span class='ocrx_word' id='word_1_8' title='bbox 738 564 870 631; x_wconf 85' lang='lat' dir='ltr'>originem</span> <span class='ocrx_word' id='word_1_9' title='bbox 883 569 980 631; x_wconf 88' lang='lat' dir='ltr'><strong>poetae</strong></span> <span class='ocrx_word' id='word_1_10' title='bbox 995 565 1048 631; x_wconf 85' lang='lat' dir='ltr'><strong>ipsi</strong></span> <span class='ocrx_word' id='word_1_11' title='bbox 1063 567 1219 618; x_wconf 82' lang='lat' dir='ltr'><strong>ostentave—</strong></span> <span class='ocrx_word' id='word_1_12' title='bbox 1291 511 1384 562; x_wconf 52' lang='lat' dir='ltr'><strong>mma</strong></span> 
     </span>
    </p>
   </div>
   <div class='ocr_carea' id='block_1_3' title="bbox 312 653 1398 1165">
    <p class='ocr_par' dir='ltr' id='par_1_3' title="bbox 313 653 1398 812">
     <span class='ocr_line' id='line_1_3' title="bbox 313 653 1398 721; baseline 0.001 -15"><span class='ocrx_word' id='word_1_13' title='bbox 313 656 387 720; x_wconf 86' lang='lat' dir='ltr'><strong>runt,</strong></span> <span class='ocrx_word' id='word_1_14' title='bbox 406 654 493 718; x_wconf 86' lang='lat' dir='ltr'><strong>iisque</strong></span> <span class='ocrx_word' id='word_1_15' title='bbox 511 668 581 718; x_wconf 85' lang='lat' dir='ltr'><strong>quae</strong></span> <span class='ocrx_word' id='word_1_16' title='bbox 600 654 732 706; x_wconf 90' lang='lat' dir='ltr'><strong>maiorum</strong></span> <span class='ocrx_word' id='word_1_17' title='bbox 752 653 875 720; x_wconf 82' lang='lat' dir='ltr'><strong>exempla</strong></span> <span class='ocrx_word' id='word_1_18' title='bbox 894 653 997 706; x_wconf 86' lang='lat' dir='ltr'><strong>imitati</strong></span> <span class='ocrx_word' id='word_1_19' title='bbox 1016 659 1177 721; x_wconf 88' lang='lat' dir='ltr'><strong>receperunt</strong></span> <span class='ocrx_word' id='word_1_20' title='bbox 1214 697 1218 706; x_wconf 95' lang='lat'>.</span> <span class='ocrx_word' id='word_1_21' title='bbox 1259 655 1398 709; x_wconf 80' lang='lat' dir='ltr'><strong>lia-189</strong></span> 
     </span>
     <span class='ocr_line' id='line_1_4' title="bbox 313 742 1221 812; baseline 0.001 -17"><span class='ocrx_word' id='word_1_22' title='bbox 313 743 336 795; x_wconf 94' lang='lat'><strong>1.</strong></span> <span class='ocrx_word' id='word_1_23' title='bbox 357 742 396 794; x_wconf 90' lang='lat' dir='ltr'><strong>De</strong></span> <span class='ocrx_word' id='word_1_24' title='bbox 409 742 522 796; x_wconf 87' lang='lat' dir='ltr'><strong>Graecis</strong></span> <span class='ocrx_word' id='word_1_25' title='bbox 542 742 647 808; x_wconf 81' lang='lat' dir='ltr'><strong>formis,</strong></span> <span class='ocrx_word' id='word_1_26' title='bbox 667 758 782 808; x_wconf 84' lang='lat' dir='ltr'><strong>quarum</strong></span> <span class='ocrx_word' id='word_1_27' title='bbox 796 743 930 812; x_wconf 81' lang='lat' dir='ltr'><strong>originem</strong></span> <span class='ocrx_word' id='word_1_28' title='bbox 943 747 1040 810; x_wconf 87' lang='lat' dir='ltr'><strong>poetae</strong></span> <span class='ocrx_word' id='word_1_29' title='bbox 1059 744 1111 811; x_wconf 85' lang='lat' dir='ltr'><strong>ipsi</strong></span> <span class='ocrx_word' id='word_1_30' title='bbox 1129 747 1221 797; x_wconf 88' lang='lat' dir='ltr'><strong>osten·</strong></span> 
     </span>
    </p>

    <p class='ocr_par' dir='ltr' id='par_1_4' title="bbox 313 833 1397 988">
     <span class='ocr_line' id='line_1_5' title="bbox 358 833 1397 888; baseline 0.001 -4"><span class='ocrx_word' id='word_1_31' title='bbox 358 835 490 885; x_wconf 85' lang='lat' dir='ltr'><strong>taverunt</strong></span> <span class='ocrx_word' id='word_1_32' title='bbox 543 874 1217 888; x_wconf 91' lang='grc'>................</span> <span class='ocrx_word' id='word_1_33' title='bbox 1257 833 1397 886; x_wconf 75' lang='lat'><strong>175-177</strong></span> 
     </span>
     <span class='ocr_line' id='line_1_6' title="bbox 313 920 1219 988; baseline 0.002 -15"><span class='ocrx_word' id='word_1_34' title='bbox 313 922 337 975; x_wconf 84' lang='lat'><strong>2.</strong></span> <span class='ocrx_word' id='word_1_35' title='bbox 358 921 399 974; x_wconf 85' lang='lat' dir='ltr'><strong>lle</strong></span> <span class='ocrx_word' id='word_1_36' title='bbox 409 920 522 976; x_wconf 88' lang='lat' dir='ltr'><strong>Graecis</strong></span> <span class='ocrx_word' id='word_1_37' title='bbox 535 920 637 987; x_wconf 87' lang='lat' dir='ltr'><strong>formis,</strong></span> <span class='ocrx_word' id='word_1_38' title='bbox 651 936 719 986; x_wconf 87' lang='lat' dir='ltr'><strong>quas</strong></span> <span class='ocrx_word' id='word_1_39' title='bbox 730 925 826 988; x_wconf 85' lang='lat' dir='ltr'><strong>poetae</strong></span> <span class='ocrx_word' id='word_1_40' title='bbox 837 923 970 975; x_wconf 87' lang='lat' dir='ltr'><strong>maiorum</strong></span> <span class='ocrx_word' id='word_1_41' title='bbox 981 921 1104 988; x_wconf 83' lang='lat' dir='ltr'><strong>exempla</strong></span> <span class='ocrx_word' id='word_1_42' title='bbox 1117 921 1219 975; x_wconf 88' lang='lat' dir='ltr'><strong>imitati</strong></span> 
     </span>
    </p>

    <p class='ocr_par' dir='ltr' id='par_1_5' title="bbox 312 1011 1398 1165">
     <span class='ocr_line' id='line_1_7' title="bbox 357 1011 1398 1077; baseline 0 -15"><span class='ocrx_word' id='word_1_43' title='bbox 357 1014 520 1077; x_wconf 89' lang='lat' dir='ltr'><strong>receperunt</strong></span> <span class='ocrx_word' id='word_1_44' title='bbox 588 1052 770 1064; x_wconf 93' lang='grc'>.....</span> <span class='ocrx_word' id='word_1_45' title='bbox 813 1055 815 1059; x_wconf 95' lang='grc'>.</span> <span class='ocrx_word' id='word_1_46' title='bbox 855 1053 1216 1064; x_wconf 83' lang='grc'>.........</span> <span class='ocrx_word' id='word_1_47' title='bbox 1250 1011 1398 1063; x_wconf 75' lang='lat' dir='ltr'><strong>riu-179</strong></span> 
     </span>
     <span class='ocr_line' id='line_1_8' title="bbox 312 1098 1398 1165; baseline 0 -13"><span class='ocrx_word' id='word_1_48' title='bbox 312 1099 336 1152; x_wconf 90' lang='grc'><strong>3.</strong></span> <span class='ocrx_word' id='word_1_49' title='bbox 357 1099 398 1152; x_wconf 90' lang='lat' dir='ltr'><strong>De</strong></span> <span class='ocrx_word' id='word_1_50' title='bbox 417 1099 506 1152; x_wconf 88' lang='lat' dir='ltr'><strong>colore</strong></span> <span class='ocrx_word' id='word_1_51' title='bbox 525 1099 643 1165; x_wconf 86' lang='lat' dir='ltr'><strong>quodam</strong></span> <span class='ocrx_word' id='word_1_52' title='bbox 662 1099 767 1153; x_wconf 86' lang='lat' dir='ltr'><strong>Graeco</strong></span> <span class='ocrx_word' id='word_1_53' title='bbox 787 1100 927 1153; x_wconf 85' lang='lat' dir='ltr'><strong>nonnullis</strong></span> <span class='ocrx_word' id='word_1_54' title='bbox 946 1099 1014 1153; x_wconf 89' lang='lat' dir='ltr'><strong>locis</strong></span> <span class='ocrx_word' id='word_1_55' title='bbox 1033 1100 1172 1154; x_wconf 90' lang='lat' dir='ltr'><strong>inducto.</strong></span> <span class='ocrx_word' id='word_1_56' title='bbox 1213 1143 1217 1152; x_wconf 93' lang='lat'><em>.</em></span> <span class='ocrx_word' id='word_1_57' title='bbox 1256 1098 1398 1152; x_wconf 72' lang='lat' dir='ltr'><strong>its-180</strong></span> 
     </span>
    </p>
   </div>
   <div class='ocr_carea' id='block_1_4' title="bbox 169 1205 1400 1990">
    <p class='ocr_par' dir='ltr' id='par_1_6' title="bbox 169 1205 1400 1453">
     <span class='ocr_line' id='line_1_9' title="bbox 169 1205 1219 1276; baseline 0.001 -16"><span class='ocrx_word' id='word_1_58' title='bbox 169 1207 259 1274; x_wconf 82' lang='lat' dir='ltr'><strong>Caput</strong></span> <span class='ocrx_word' id='word_1_59' title='bbox 277 1206 328 1260; x_wconf 92' lang='lat' dir='ltr'>III.</span> <span class='ocrx_word' id='word_1_60' title='bbox 366 1205 436 1260; x_wconf 89' lang='lat' dir='ltr'><strong>Num</strong></span> <span class='ocrx_word' id='word_1_61' title='bbox 449 1207 513 1272; x_wconf 88' lang='lat' dir='ltr'><strong>quid</strong></span> <span class='ocrx_word' id='word_1_62' title='bbox 527 1209 609 1260; x_wconf 88' lang='lat' dir='ltr'><strong>metri</strong></span> <span class='ocrx_word' id='word_1_63' title='bbox 622 1207 769 1260; x_wconf 87' lang='lat' dir='ltr'><strong>diversitas</strong></span> <span class='ocrx_word' id='word_1_64' title='bbox 783 1207 825 1259; x_wconf 89' lang='lat' dir='ltr'><strong>vel</strong></span> <span class='ocrx_word' id='word_1_65' title='bbox 839 1223 926 1276; x_wconf 87' lang='lat' dir='ltr'><strong>genus</strong></span> <span class='ocrx_word' id='word_1_66' title='bbox 940 1207 1076 1261; x_wconf 88' lang='lat' dir='ltr'><strong>scribendi</strong></span> <span class='ocrx_word' id='word_1_67' title='bbox 1090 1207 1132 1260; x_wconf 84' lang='lat' dir='ltr'><strong>rel</strong></span> <span class='ocrx_word' id='word_1_68' title='bbox 1152 1223 1219 1261; x_wconf 84' lang='lat' dir='ltr'><strong>usus</strong></span> 
     </span>
     <span class='ocr_line' id='line_1_10' title="bbox 281 1295 1400 1364; baseline -0.001 -15"><span class='ocrx_word' id='word_1_69' title='bbox 281 1300 424 1364; x_wconf 82' lang='lat' dir='ltr'><strong>poetarum</strong></span> <span class='ocrx_word' id='word_1_70' title='bbox 445 1295 479 1350; x_wconf 88' lang='lat' dir='ltr'><strong>ad</strong></span> <span class='ocrx_word' id='word_1_71' title='bbox 499 1299 619 1349; x_wconf 83' lang='lat' dir='ltr'><strong>Graecas</strong></span> <span class='ocrx_word' id='word_1_72' title='bbox 639 1296 743 1350; x_wconf 86' lang='lat' dir='ltr'><strong>formas</strong></span> <span class='ocrx_word' id='word_1_73' title='bbox 763 1297 912 1349; x_wconf 83' lang='lat' dir='ltr'><strong>servandas</strong></span> <span class='ocrx_word' id='word_1_74' title='bbox 931 1296 1051 1350; x_wconf 79' lang='lat' dir='ltr'><strong>valuerit</strong></span> <span class='ocrx_word' id='word_1_75' title='bbox 1083 1339 1087 1348; x_wconf 93' lang='lat'>.</span> <span class='ocrx_word' id='word_1_76' title='bbox 1127 1340 1132 1351; x_wconf 91' lang='lat'>.</span> <span class='ocrx_word' id='word_1_77' title='bbox 1172 1338 1176 1349; x_wconf 91' lang='lat'>.</span> <span class='ocrx_word' id='word_1_78' title='bbox 1215 1338 1221 1348; x_wconf 88' lang='lat'>.</span> <span class='ocrx_word' id='word_1_79' title='bbox 1261 1296 1400 1350; x_wconf 82' lang='grc'><strong>189-203</strong></span> 
     </span>
     <span class='ocr_line' id='line_1_11' title="bbox 214 1385 1397 1453; baseline 0 -15"><span class='ocrx_word' id='word_1_80' title='bbox 214 1386 273 1453; x_wconf 65' lang='lat'><strong>59.</strong></span> <span class='ocrx_word' id='word_1_81' title='bbox 313 1385 351 1438; x_wconf 92' lang='lat' dir='ltr'><strong>De</strong></span> <span class='ocrx_word' id='word_1_82' title='bbox 371 1387 451 1438; x_wconf 89' lang='lat' dir='ltr'><strong>metri</strong></span> <span class='ocrx_word' id='word_1_83' title='bbox 471 1386 634 1438; x_wconf 86' lang='lat' dir='ltr'><strong>diversitate</strong></span> <span class='ocrx_word' id='word_1_84' title='bbox 674 1427 1217 1440; x_wconf 87' lang='grc'>............</span> <span class='ocrx_word' id='word_1_85' title='bbox 1258 1385 1397 1438; x_wconf 81' lang='grc'><strong>189-197</strong></span> 
     </span>
    </p>

    <p class='ocr_par' dir='ltr' id='par_1_7' title="bbox 313 1475 1395 1620">
     <span class='ocr_line' id='line_1_12' title="bbox 313 1475 1218 1542; baseline -0.001 -15"><span class='ocrx_word' id='word_1_86' title='bbox 313 1476 334 1528; x_wconf 89' lang='lat' dir='ltr'><strong>l.</strong></span> <span class='ocrx_word' id='word_1_87' title='bbox 356 1475 396 1527; x_wconf 88' lang='lat' dir='ltr'><strong>De</strong></span> <span class='ocrx_word' id='word_1_88' title='bbox 425 1475 623 1541; x_wconf 80' lang='lat' dir='ltr'><strong>dactylicarum</strong></span> <span class='ocrx_word' id='word_1_89' title='bbox 652 1477 823 1528; x_wconf 88' lang='lat' dir='ltr'><strong>senariorum</strong></span> <span class='ocrx_word' id='word_1_90' title='bbox 851 1475 998 1542; x_wconf 85' lang='lat' dir='ltr'>lyricorum</span> <span class='ocrx_word' id='word_1_91' title='bbox 1025 1490 1154 1528; x_wconf 85' lang='lat' dir='ltr'><strong>versuum</strong></span> <span class='ocrx_word' id='word_1_92' title='bbox 1179 1475 1218 1526; x_wconf 82' lang='lat' dir='ltr'><strong>rii-</strong></span> 
     </span>
     <span class='ocr_line' id='line_1_13' title="bbox 356 1564 1395 1620; baseline 0 -3"><span class='ocrx_word' id='word_1_93' title='bbox 356 1567 490 1619; x_wconf 87' lang='lat' dir='ltr'><strong>versitate</strong></span> <span class='ocrx_word' id='word_1_94' title='bbox 540 1607 1214 1620; x_wconf 89' lang='grc'>................</span> <span class='ocrx_word' id='word_1_95' title='bbox 1258 1564 1395 1617; x_wconf 80' lang='grc'><strong>189-191</strong></span> 
     </span>
    </p>

    <p class='ocr_par' dir='ltr' id='par_1_8' title="bbox 196 1654 1399 1990">
     <span class='ocr_line' id='line_1_14' title="bbox 311 1654 1220 1722; baseline 0 -16"><span class='ocrx_word' id='word_1_96' title='bbox 311 1655 335 1706; x_wconf 84' lang='grc'><strong>2.</strong></span> <span class='ocrx_word' id='word_1_97' title='bbox 356 1654 396 1706; x_wconf 91' lang='lat' dir='ltr'><strong>De</strong></span> <span class='ocrx_word' id='word_1_98' title='bbox 417 1654 533 1707; x_wconf 82' lang='lat' dir='ltr'><strong>Senecae</strong></span> <span class='ocrx_word' id='word_1_99' title='bbox 552 1654 760 1722; x_wconf 83' lang='lat' dir='ltr'><strong>tragoediarum</strong></span> <span class='ocrx_word' id='word_1_100' title='bbox 784 1658 812 1707; x_wconf 91' lang='lat' dir='ltr'><strong>ot</strong></span> <span class='ocrx_word' id='word_1_101' title='bbox 832 1654 963 1707; x_wconf 88' lang='lat' dir='ltr'><strong>Octaviae</strong></span> <span class='ocrx_word' id='word_1_102' title='bbox 984 1655 1172 1708; x_wconf 88' lang='lat' dir='ltr'><strong>deverbiorum</strong></span> <span class='ocrx_word' id='word_1_103' title='bbox 1192 1663 1220 1706; x_wconf 90' lang='lat' dir='ltr'><strong>ct</strong></span> 
     </span>
     <span class='ocr_line' id='line_1_15' title="bbox 356 1743 1397 1798; baseline -0.002 0"><span class='ocrx_word' id='word_1_104' title='bbox 356 1744 527 1798; x_wconf 87' lang='lat' dir='ltr'><strong>canticorum</strong></span> <span class='ocrx_word' id='word_1_105' title='bbox 547 1743 710 1798; x_wconf 85' lang='lat' dir='ltr'><strong>diversitate</strong></span> <span class='ocrx_word' id='word_1_106' title='bbox 764 1787 768 1797; x_wconf 92' lang='lat'><em>.</em></span> <span class='ocrx_word' id='word_1_107' title='bbox 811 1787 814 1797; x_wconf 94' lang='lat'>.</span> <span class='ocrx_word' id='word_1_108' title='bbox 855 1789 859 1798; x_wconf 94' lang='lat'><em>.</em></span> <span class='ocrx_word' id='word_1_109' title='bbox 898 1787 902 1798; x_wconf 92' lang='lat'><em>.</em></span> <span class='ocrx_word' id='word_1_110' title='bbox 990 1789 993 1796; x_wconf 91' lang='lat'>.</span> <span class='ocrx_word' id='word_1_111' title='bbox 1034 1789 1038 1796; x_wconf 96' lang='lat'>.</span> <span class='ocrx_word' id='word_1_112' title='bbox 1078 1787 1082 1796; x_wconf 93' lang='lat'>.</span> <span class='ocrx_word' id='word_1_113' title='bbox 1124 1787 1128 1795; x_wconf 95' lang='lat'>.</span> <span class='ocrx_word' id='word_1_114' title='bbox 1168 1788 1173 1798; x_wconf 91' lang='lat'>.</span> <span class='ocrx_word' id='word_1_115' title='bbox 1213 1788 1217 1797; x_wconf 94' lang='lat'>.</span> <span class='ocrx_word' id='word_1_116' title='bbox 1257 1744 1307 1796; x_wconf 84' lang='lat'><strong>191</strong></span> <span class='ocrx_word' id='word_1_117' title='bbox 1323 1744 1397 1796; x_wconf 77' lang='lat'>-197</span> 
     </span>
     <span class='ocr_line' id='line_1_16' title="bbox 196 1832 1399 1901; baseline 0 -15"><span class='ocrx_word' id='word_1_118' title='bbox 196 1832 273 1900; x_wconf 75' lang='lat' dir='ltr'><strong>§ru</strong></span> <span class='ocrx_word' id='word_1_119' title='bbox 313 1832 352 1884; x_wconf 91' lang='lat' dir='ltr'><strong>De</strong></span> <span class='ocrx_word' id='word_1_120' title='bbox 372 1848 471 1901; x_wconf 81' lang='lat' dir='ltr'><strong>genere</strong></span> <span class='ocrx_word' id='word_1_121' title='bbox 490 1833 626 1886; x_wconf 86' lang='lat' dir='ltr'><strong>scribendi</strong></span> <span class='ocrx_word' id='word_1_122' title='bbox 676 1875 949 1887; x_wconf 91' lang='grc'>.......</span> <span class='ocrx_word' id='word_1_123' title='bbox 990 1879 991 1882; x_wconf 67' lang='grc'>,</span> <span class='ocrx_word' id='word_1_124' title='bbox 1034 1875 1217 1886; x_wconf 78' lang='grc'>.....</span> <span class='ocrx_word' id='word_1_125' title='bbox 1257 1833 1399 1886; x_wconf 75' lang='lat' dir='ltr'><strong>lsi-200</strong></span> 
     </span>
     <span class='ocr_line' id='line_1_17' title="bbox 196 1922 1398 1990; baseline 0 -15"><span class='ocrx_word' id='word_1_126' title='bbox 196 1922 274 1990; x_wconf 66' lang='lat'>511.</span> <span class='ocrx_word' id='word_1_127' title='bbox 327 1965 337 1990; x_wconf 75' lang='lat'>„</span> <span class='ocrx_word' id='word_1_128' title='bbox 372 1927 514 1989; x_wconf 86' lang='lat' dir='ltr'><strong>poetarum</strong></span> <span class='ocrx_word' id='word_1_129' title='bbox 535 1938 586 1976; x_wconf 90' lang='lat' dir='ltr'><strong>usu</strong></span> <span class='ocrx_word' id='word_1_130' title='bbox 631 1965 1216 1977; x_wconf 24' lang='lat'>..............</span> <span class='ocrx_word' id='word_1_131' title='bbox 1255 1922 1398 1976; x_wconf 75' lang='lat' dir='ltr'><strong>allo-203</strong></span> 
     </span>
    </p>
   </div>
   <div class='ocr_carea' id='block_1_5' title="bbox 167 2029 1395 2186">
    <p class='ocr_par' dir='ltr' id='par_1_9' title="bbox 167 2029 1395 2186">
     <span class='ocr_line' id='line_1_18' title="bbox 167 2029 1395 2084; baseline 0 -2"><span class='ocrx_word' id='word_1_132' title='bbox 167 2029 255 2082; x_wconf 88' lang='lat' dir='ltr'><strong>Index</strong></span> <span class='ocrx_word' id='word_1_133' title='bbox 275 2031 414 2083; x_wconf 86' lang='lat' dir='ltr'><strong>nominum</strong></span> <span class='ocrx_word' id='word_1_134' title='bbox 452 2071 1215 2084; x_wconf 91' lang='grc'>..................</span> <span class='ocrx_word' id='word_1_135' title='bbox 1254 2029 1395 2082; x_wconf 80' lang='lat'>204-222</span> 
     </span>
     <span class='ocr_line' id='line_1_19' title="bbox 168 2117 1395 2186; baseline 0.002 -16"><span class='ocrx_word' id='word_1_136' title='bbox 168 2117 302 2171; x_wconf 82' lang='lat' dir='ltr'><strong>Addenda</strong></span> <span class='ocrx_word' id='word_1_137' title='bbox 320 2124 348 2171; x_wconf 90' lang='lat' dir='ltr'><strong>ct</strong></span> <span class='ocrx_word' id='word_1_138' title='bbox 369 2119 531 2186; x_wconf 84' lang='lat' dir='ltr'><strong>corrigenda</strong></span> <span class='ocrx_word' id='word_1_139' title='bbox 586 2161 1215 2174; x_wconf 77' lang='grc'>...............</span> <span class='ocrx_word' id='word_1_140' title='bbox 1254 2119 1395 2172; x_wconf 80' lang='grc'>223-224</span> 
     </span>
    </p>
   </div>
   <div class='ocr_carea' id='block_1_6' title="bbox 586 2298 987 2366">
    <p class='ocr_par' dir='ltr' id='par_1_10' title="bbox 586 2298 987 2366">
     <span class='ocr_line' id='line_1_20' title="bbox 586 2298 987 2366; baseline 0.002 -16"><span class='ocrx_word' id='word_1_141' title='bbox 586 2298 761 2351; x_wconf 80' lang='lat' dir='ltr'><strong>Accedunt</strong></span> <span class='ocrx_word' id='word_1_142' title='bbox 780 2304 987 2366; x_wconf 87' lang='lat' dir='ltr'><strong>conspectus</strong></span> 
     </span>
    </p>
   </div>
   <div class='ocr_carea' id='block_1_7' title="bbox 203 2405 1398 4158">
    <p class='ocr_par' dir='ltr' id='par_1_11' title="bbox 263 2405 1396 2563">
     <span class='ocr_line' id='line_1_21' title="bbox 263 2405 1217 2474; baseline 0.001 -16"><span class='ocrx_word' id='word_1_143' title='bbox 263 2405 284 2461; x_wconf 90' lang='lat'><strong>1.</strong></span> <span class='ocrx_word' id='word_1_144' title='bbox 311 2405 333 2458; x_wconf 77' lang='lat' dir='ltr'><strong>it</strong></span> <span class='ocrx_word' id='word_1_145' title='bbox 348 2421 399 2470; x_wconf 89' lang='lat' dir='ltr'><strong>quo</strong></span> <span class='ocrx_word' id='word_1_146' title='bbox 413 2421 542 2458; x_wconf 84' lang='lat' dir='ltr'><strong>numerus</strong></span> <span class='ocrx_word' id='word_1_147' title='bbox 561 2411 676 2472; x_wconf 83' lang='lat' dir='ltr'><strong>apparet</strong></span> <span class='ocrx_word' id='word_1_148' title='bbox 693 2405 866 2474; x_wconf 86' lang='lat' dir='ltr'><strong>singularum</strong></span> <span class='ocrx_word' id='word_1_149' title='bbox 879 2406 1045 2458; x_wconf 87' lang='lat' dir='ltr'><strong>Graecarum</strong></span> <span class='ocrx_word' id='word_1_150' title='bbox 1059 2406 1217 2472; x_wconf 82' lang='lat' dir='ltr'><strong>formarum,</strong></span> 
     </span>
     <span class='ocr_line' id='line_1_22' title="bbox 311 2495 1396 2563; baseline 0 -15"><span class='ocrx_word' id='word_1_151' title='bbox 311 2510 379 2561; x_wconf 87' lang='lat' dir='ltr'><strong>quae</strong></span> <span class='ocrx_word' id='word_1_152' title='bbox 399 2495 469 2561; x_wconf 89' lang='lat' dir='ltr'><strong>apud</strong></span> <span class='ocrx_word' id='word_1_153' title='bbox 491 2495 615 2563; x_wconf 84' lang='lat' dir='ltr'><strong>singulos</strong></span> <span class='ocrx_word' id='word_1_154' title='bbox 634 2503 729 2562; x_wconf 83' lang='lat' dir='ltr'><strong>poetas</strong></span> <span class='ocrx_word' id='word_1_155' title='bbox 749 2500 861 2549; x_wconf 86' lang='lat' dir='ltr'><strong>exstant</strong></span> <span class='ocrx_word' id='word_1_156' title='bbox 900 2537 1216 2548; x_wconf 75' lang='grc'>........</span> <span class='ocrx_word' id='word_1_157' title='bbox 1258 2496 1396 2549; x_wconf 84' lang='grc'>119-123</span> 
     </span>
    </p>

    <p class='ocr_par' dir='ltr' id='par_1_12' title="bbox 246 2583 1397 2727">
     <span class='ocr_line' id='line_1_23' title="bbox 246 2583 1219 2652; baseline 0.001 -15"><span class='ocrx_word' id='word_1_158' title='bbox 246 2583 282 2640; x_wconf 93' lang='grc' dir='ltr'><strong>ΙΙ,</strong></span> <span class='ocrx_word' id='word_1_159' title='bbox 309 2585 367 2650; x_wconf 83' lang='lat' dir='ltr'><strong>Quo</strong></span> <span class='ocrx_word' id='word_1_160' title='bbox 386 2585 498 2637; x_wconf 90' lang='lat' dir='ltr'><strong>nomina</strong></span> <span class='ocrx_word' id='word_1_161' title='bbox 518 2588 625 2638; x_wconf 87' lang='lat' dir='ltr'><strong>mutata</strong></span> <span class='ocrx_word' id='word_1_162' title='bbox 645 2589 673 2637; x_wconf 90' lang='lat' dir='ltr'><strong>et</strong></span> <span class='ocrx_word' id='word_1_163' title='bbox 692 2600 745 2637; x_wconf 93' lang='lat' dir='ltr'><strong>non</strong></span> <span class='ocrx_word' id='word_1_164' title='bbox 767 2589 876 2638; x_wconf 89' lang='lat' dir='ltr'><strong>mutata</strong></span> <span class='ocrx_word' id='word_1_165' title='bbox 891 2591 1086 2652; x_wconf 84' lang='lat' dir='ltr'><strong>comparantur</strong></span> <span class='ocrx_word' id='word_1_166' title='bbox 1105 2590 1133 2638; x_wconf 92' lang='lat' dir='ltr'><strong>et</strong></span> <span class='ocrx_word' id='word_1_167' title='bbox 1151 2590 1219 2650; x_wconf 85' lang='lat' dir='ltr'><strong>quot</strong></span> 
     </span>
     <span class='ocr_line' id='line_1_24' title="bbox 311 2674 1397 2727; baseline 0 -1"><span class='ocrx_word' id='word_1_168' title='bbox 311 2674 1218 2727; x_wconf 83' lang='lat' dir='ltr'><strong>ecentenisterminationemGrnecamservaverintdemonstratur</strong></span> <span class='ocrx_word' id='word_1_169' title='bbox 1255 2675 1397 2727; x_wconf 74' lang='lat'>123-129</span> 
     </span>
    </p>

    <p class='ocr_par' dir='ltr' id='par_1_13' title="bbox 233 2762 1398 2919">
     <span class='ocr_line' id='line_1_25' title="bbox 233 2762 1217 2829; baseline 0 -14"><span class='ocrx_word' id='word_1_170' title='bbox 233 2762 280 2816; x_wconf 95' lang='lat' dir='ltr'><strong>lll.</strong></span> <span class='ocrx_word' id='word_1_171' title='bbox 307 2763 366 2829; x_wconf 83' lang='lat' dir='ltr'><strong>Quo</strong></span> <span class='ocrx_word' id='word_1_172' title='bbox 379 2768 446 2829; x_wconf 89' lang='lat' dir='ltr'><strong>quot</strong></span> <span class='ocrx_word' id='word_1_173' title='bbox 456 2765 577 2816; x_wconf 79' lang='lat' dir='ltr'><strong>Graecae</strong></span> <span class='ocrx_word' id='word_1_174' title='bbox 591 2769 619 2815; x_wconf 91' lang='lat' dir='ltr'><strong>et</strong></span> <span class='ocrx_word' id='word_1_175' title='bbox 632 2768 699 2828; x_wconf 91' lang='lat' dir='ltr'><strong>quot</strong></span> <span class='ocrx_word' id='word_1_176' title='bbox 710 2763 827 2816; x_wconf 77' lang='lat' dir='ltr'><strong>Latinae</strong></span> <span class='ocrx_word' id='word_1_177' title='bbox 841 2763 947 2816; x_wconf 86' lang='lat' dir='ltr'><strong>formae</strong></span> <span class='ocrx_word' id='word_1_178' title='bbox 961 2765 1042 2816; x_wconf 91' lang='lat' dir='ltr'><strong>metri</strong></span> <span class='ocrx_word' id='word_1_179' title='bbox 1052 2764 1217 2816; x_wconf 77' lang='lat' dir='ltr'><strong>necessitate</strong></span> 
     </span>
     <span class='ocr_line' id='line_1_26' title="bbox 311 2851 1398 2919; baseline 0.001 -15"><span class='ocrx_word' id='word_1_180' title='bbox 311 2852 468 2919; x_wconf 82' lang='lat' dir='ltr'><strong>postulatae</strong></span> <span class='ocrx_word' id='word_1_181' title='bbox 488 2851 546 2905; x_wconf 89' lang='lat' dir='ltr'><strong>sint</strong></span> <span class='ocrx_word' id='word_1_182' title='bbox 564 2852 724 2905; x_wconf 89' lang='lat' dir='ltr'><strong>illustratur</strong></span> <span class='ocrx_word' id='word_1_183' title='bbox 766 2893 1216 2906; x_wconf 86' lang='lat'>...........</span> <span class='ocrx_word' id='word_1_184' title='bbox 1258 2852 1398 2905; x_wconf 79' lang='lat' dir='ltr'><strong>rso-189</strong></span> 
     </span>
    </p>

    <p class='ocr_par' dir='ltr' id='par_1_14' title="bbox 234 2940 1397 3098">
     <span class='ocr_line' id='line_1_27' title="bbox 234 2940 1218 3007; baseline 0.001 -14"><span class='ocrx_word' id='word_1_185' title='bbox 234 2940 280 2997; x_wconf 88' lang='lat' dir='ltr'><strong>IV.</strong></span> <span class='ocrx_word' id='word_1_186' title='bbox 307 2942 366 3007; x_wconf 80' lang='lat' dir='ltr'><strong>Quo</strong></span> <span class='ocrx_word' id='word_1_187' title='bbox 385 2947 452 3007; x_wconf 88' lang='lat' dir='ltr'><strong>quot</strong></span> <span class='ocrx_word' id='word_1_188' title='bbox 471 2942 592 2995; x_wconf 78' lang='lat' dir='ltr'><strong>Graecae</strong></span> <span class='ocrx_word' id='word_1_189' title='bbox 618 2942 724 2995; x_wconf 82' lang='lat' dir='ltr'><strong>formae</strong></span> <span class='ocrx_word' id='word_1_190' title='bbox 751 2946 878 2995; x_wconf 85' lang='lat' dir='ltr'><strong>servatae</strong></span> <span class='ocrx_word' id='word_1_191' title='bbox 904 2945 932 2994; x_wconf 91' lang='lat' dir='ltr'><strong>et</strong></span> <span class='ocrx_word' id='word_1_192' title='bbox 958 2946 1027 3006; x_wconf 91' lang='lat' dir='ltr'><strong>quot</strong></span> <span class='ocrx_word' id='word_1_193' title='bbox 1046 2946 1170 2995; x_wconf 88' lang='lat' dir='ltr'><strong>mutatae</strong></span> <span class='ocrx_word' id='word_1_194' title='bbox 1189 2944 1218 2994; x_wconf 92' lang='lat' dir='ltr'><strong>in</strong></span> 
     </span>
     <span class='ocr_line' id='line_1_28' title="bbox 310 3031 1397 3098; baseline 0 -14"><span class='ocrx_word' id='word_1_195' title='bbox 310 3031 586 3098; x_wconf 74' lang='lat' dir='ltr'><strong>versibusdectylicis</strong></span> <span class='ocrx_word' id='word_1_196' title='bbox 595 3033 711 3084; x_wconf 87' lang='lat' dir='ltr'><strong>senariis</strong></span> <span class='ocrx_word' id='word_1_197' title='bbox 721 3031 815 3097; x_wconf 82' lang='lat' dir='ltr'><strong>lyricis</strong></span> <span class='ocrx_word' id='word_1_198' title='bbox 826 3032 1003 3084; x_wconf 86' lang='lat' dir='ltr'><strong>inveniantur</strong></span> <span class='ocrx_word' id='word_1_199' title='bbox 1012 3031 1217 3084; x_wconf 84' lang='lat' dir='ltr'><strong>demonstratur</strong></span> <span class='ocrx_word' id='word_1_200' title='bbox 1257 3075 1261 3084; x_wconf 93' lang='lat'>.</span> <span class='ocrx_word' id='word_1_201' title='bbox 1301 3074 1305 3083; x_wconf 93' lang='lat'>.</span> <span class='ocrx_word' id='word_1_202' title='bbox 1345 3031 1397 3084; x_wconf 82' lang='lat'><strong>190</strong></span> 
     </span>
    </p>

    <p class='ocr_par' dir='ltr' id='par_1_15' title="bbox 203 3120 1216 3189">
     <span class='ocr_line' id='line_1_29' title="bbox 203 3120 1216 3189; baseline 0.001 -16"><span class='ocrx_word' id='word_1_203' title='bbox 203 3120 280 3176; x_wconf 87' lang='lat' dir='ltr'>IVA.</span> <span class='ocrx_word' id='word_1_204' title='bbox 307 3121 366 3186; x_wconf 83' lang='lat' dir='ltr'><strong>Quo</strong></span> <span class='ocrx_word' id='word_1_205' title='bbox 392 3123 503 3175; x_wconf 79' lang='lat' dir='ltr'><strong>nomina</strong></span> <span class='ocrx_word' id='word_1_206' title='bbox 528 3123 555 3174; x_wconf 90' lang='lat' dir='ltr'><strong>in</strong></span> <span class='ocrx_word' id='word_1_207' title='bbox 576 3121 692 3174; x_wconf 88' lang='lat' dir='ltr'><strong>Senecae</strong></span> <span class='ocrx_word' id='word_1_208' title='bbox 718 3120 925 3189; x_wconf 83' lang='lat' dir='ltr'><strong>tragoediarum</strong></span> <span class='ocrx_word' id='word_1_209' title='bbox 951 3126 980 3173; x_wconf 88' lang='lat' dir='ltr'><strong>et</strong></span> <span class='ocrx_word' id='word_1_210' title='bbox 1004 3120 1135 3174; x_wconf 85' lang='lat' dir='ltr'><strong>Octaviae</strong></span> <span class='ocrx_word' id='word_1_211' title='bbox 1159 3125 1216 3174; x_wconf 84' lang='lat' dir='ltr'><strong>tra·</strong></span> 
     </span>
    </p>

    <p class='ocr_par' dir='ltr' id='par_1_16' title="bbox 310 3209 1397 3367">
     <span class='ocr_line' id='line_1_30' title="bbox 310 3209 1218 3279; baseline -0.001 -16"><span class='ocrx_word' id='word_1_212' title='bbox 310 3210 423 3279; x_wconf 85' lang='lat' dir='ltr'><strong>goediae</strong></span> <span class='ocrx_word' id='word_1_213' title='bbox 442 3216 471 3264; x_wconf 91' lang='lat' dir='ltr'><strong>et</strong></span> <span class='ocrx_word' id='word_1_214' title='bbox 489 3210 624 3264; x_wconf 86' lang='lat' dir='ltr'><strong>dererbiis</strong></span> <span class='ocrx_word' id='word_1_215' title='bbox 638 3209 755 3263; x_wconf 89' lang='lat' dir='ltr'><strong>senariis</strong></span> <span class='ocrx_word' id='word_1_216' title='bbox 774 3214 803 3263; x_wconf 92' lang='lat' dir='ltr'><strong>et</strong></span> <span class='ocrx_word' id='word_1_217' title='bbox 822 3212 937 3262; x_wconf 88' lang='lat' dir='ltr'><strong>canticis</strong></span> <span class='ocrx_word' id='word_1_218' title='bbox 951 3209 1044 3276; x_wconf 87' lang='lat' dir='ltr'><strong>lyricis</strong></span> <span class='ocrx_word' id='word_1_219' title='bbox 1061 3215 1171 3263; x_wconf 87' lang='lat' dir='ltr'><strong>mutata</strong></span> <span class='ocrx_word' id='word_1_220' title='bbox 1190 3215 1218 3262; x_wconf 92' lang='lat' dir='ltr'><strong>et</strong></span> 
     </span>
     <span class='ocr_line' id='line_1_31' title="bbox 310 3300 1397 3367; baseline 0 -15"><span class='ocrx_word' id='word_1_221' title='bbox 310 3315 364 3353; x_wconf 89' lang='lat' dir='ltr'><strong>non</strong></span> <span class='ocrx_word' id='word_1_222' title='bbox 384 3305 493 3353; x_wconf 88' lang='lat' dir='ltr'><strong>mutata</strong></span> <span class='ocrx_word' id='word_1_223' title='bbox 513 3304 707 3367; x_wconf 84' lang='lat' dir='ltr'><strong>comparantur</strong></span> <span class='ocrx_word' id='word_1_224' title='bbox 764 3340 1216 3354; x_wconf 92' lang='lat'>...........</span> <span class='ocrx_word' id='word_1_225' title='bbox 1257 3300 1397 3352; x_wconf 80' lang='lat'>192-195</span> 
     </span>
    </p>

    <p class='ocr_par' dir='ltr' id='par_1_17' title="bbox 208 3389 1216 3455">
     <span class='ocr_line' id='line_1_32' title="bbox 208 3389 1216 3455; baseline 0 -13"><span class='ocrx_word' id='word_1_226' title='bbox 208 3389 283 3444; x_wconf 86' lang='lat' dir='ltr'><strong>IllB.</strong></span> <span class='ocrx_word' id='word_1_227' title='bbox 310 3390 369 3455; x_wconf 80' lang='lat' dir='ltr'><strong>Quo</strong></span> <span class='ocrx_word' id='word_1_228' title='bbox 388 3395 456 3455; x_wconf 92' lang='lat' dir='ltr'><strong>quot</strong></span> <span class='ocrx_word' id='word_1_229' title='bbox 468 3390 587 3443; x_wconf 87' lang='lat' dir='ltr'><strong>Graecas</strong></span> <span class='ocrx_word' id='word_1_230' title='bbox 602 3389 706 3443; x_wconf 83' lang='lat' dir='ltr'><strong>formas</strong></span> <span class='ocrx_word' id='word_1_231' title='bbox 725 3390 826 3442; x_wconf 87' lang='lat' dir='ltr'><strong>Seneca</strong></span> <span class='ocrx_word' id='word_1_232' title='bbox 846 3397 872 3442; x_wconf 91' lang='lat' dir='ltr'><strong>et</strong></span> <span class='ocrx_word' id='word_1_233' title='bbox 887 3389 1019 3442; x_wconf 83' lang='lat' dir='ltr'><strong>Octaviae</strong></span> <span class='ocrx_word' id='word_1_234' title='bbox 1038 3398 1136 3442; x_wconf 87' lang='lat' dir='ltr'><strong>auctor</strong></span> <span class='ocrx_word' id='word_1_235' title='bbox 1155 3405 1216 3442; x_wconf 93' lang='lat' dir='ltr'><strong>cen·</strong></span> 
     </span>
    </p>

    <p class='ocr_par' dir='ltr' id='par_1_18' title="bbox 310 3478 1396 3622">
     <span class='ocr_line' id='line_1_33' title="bbox 310 3478 1217 3532; baseline 0 -1"><span class='ocrx_word' id='word_1_236' title='bbox 310 3479 383 3532; x_wconf 82' lang='lat' dir='ltr'><strong>tanis</strong></span> <span class='ocrx_word' id='word_1_237' title='bbox 403 3479 590 3532; x_wconf 86' lang='lat' dir='ltr'><strong>deverbiorum</strong></span> <span class='ocrx_word' id='word_1_238' title='bbox 614 3483 643 3532; x_wconf 93' lang='lat' dir='ltr'><strong>et</strong></span> <span class='ocrx_word' id='word_1_239' title='bbox 668 3480 836 3532; x_wconf 88' lang='lat' dir='ltr'><strong>canticorum</strong></span> <span class='ocrx_word' id='word_1_240' title='bbox 856 3479 980 3531; x_wconf 88' lang='lat' dir='ltr'><strong>versibus</strong></span> <span class='ocrx_word' id='word_1_241' title='bbox 1005 3479 1154 3531; x_wconf 84' lang='lat' dir='ltr'><strong>inseruerit</strong></span> <span class='ocrx_word' id='word_1_242' title='bbox 1173 3478 1217 3531; x_wconf 87' lang='lat' dir='ltr'><strong>de·</strong></span> 
     </span>
     <span class='ocr_line' id='line_1_34' title="bbox 311 3568 1396 3622; baseline 0 -2"><span class='ocrx_word' id='word_1_243' title='bbox 311 3573 484 3621; x_wconf 86' lang='lat' dir='ltr'><strong>monstratur</strong></span> <span class='ocrx_word' id='word_1_244' title='bbox 498 3608 1171 3622; x_wconf 90' lang='grc'>..............</span> <span class='ocrx_word' id='word_1_245' title='bbox 1256 3568 1396 3621; x_wconf 85' lang='grc'><strong>196-197</strong></span> 
     </span>
    </p>

    <p class='ocr_par' dir='ltr' id='par_1_19' title="bbox 250 3655 1396 3815">
     <span class='ocr_line' id='line_1_35' title="bbox 250 3655 1218 3722; baseline -0.001 -12"><span class='ocrx_word' id='word_1_246' title='bbox 250 3656 283 3711; x_wconf 93' lang='lat' dir='ltr'><strong>V.</strong></span> <span class='ocrx_word' id='word_1_247' title='bbox 309 3655 342 3709; x_wconf 92' lang='lat' dir='ltr'><strong>In</strong></span> <span class='ocrx_word' id='word_1_248' title='bbox 361 3672 413 3722; x_wconf 90' lang='lat' dir='ltr'><strong>quo</strong></span> <span class='ocrx_word' id='word_1_249' title='bbox 427 3657 547 3710; x_wconf 86' lang='lat' dir='ltr'><strong>Graecae</strong></span> <span class='ocrx_word' id='word_1_250' title='bbox 567 3657 672 3710; x_wconf 85' lang='lat' dir='ltr'><strong>formae</strong></span> <span class='ocrx_word' id='word_1_251' title='bbox 686 3661 814 3710; x_wconf 83' lang='lat' dir='ltr'><strong>servatae</strong></span> <span class='ocrx_word' id='word_1_252' title='bbox 834 3661 861 3710; x_wconf 93' lang='lat' dir='ltr'><strong>et</strong></span> <span class='ocrx_word' id='word_1_253' title='bbox 875 3660 999 3710; x_wconf 86' lang='lat' dir='ltr'><strong>mutatae</strong></span> <span class='ocrx_word' id='word_1_254' title='bbox 1019 3658 1047 3710; x_wconf 90' lang='lat' dir='ltr'><strong>in</strong></span> <span class='ocrx_word' id='word_1_255' title='bbox 1062 3659 1141 3710; x_wconf 84' lang='lat' dir='ltr'><strong>varis</strong></span> <span class='ocrx_word' id='word_1_256' title='bbox 1159 3673 1218 3709; x_wconf 88' lang='lat' dir='ltr'><strong>car-</strong></span> 
     </span>
     <span class='ocr_line' id='line_1_36' title="bbox 313 3746 1396 3815; baseline 0 -17"><span class='ocrx_word' id='word_1_257' title='bbox 313 3746 417 3799; x_wconf 89' lang='lat' dir='ltr'><strong>minum</strong></span> <span class='ocrx_word' id='word_1_258' title='bbox 436 3762 539 3815; x_wconf 85' lang='lat' dir='ltr'><strong>genera</strong></span> <span class='ocrx_word' id='word_1_259' title='bbox 558 3752 624 3800; x_wconf 88' lang='lat' dir='ltr'><strong>sunt</strong></span> <span class='ocrx_word' id='word_1_260' title='bbox 643 3746 790 3813; x_wconf 84' lang='lat' dir='ltr'><strong>discriptae</strong></span> <span class='ocrx_word' id='word_1_261' title='bbox 811 3788 1216 3801; x_wconf 92' lang='grc'><em>.........</em></span> <span class='ocrx_word' id='word_1_262' title='bbox 1257 3746 1396 3799; x_wconf 82' lang='grc'><strong>198-199</strong></span> 
     </span>
    </p>

    <p class='ocr_par' dir='ltr' id='par_1_20' title="bbox 221 3834 1395 3994">
     <span class='ocr_line' id='line_1_37' title="bbox 221 3834 1217 3903; baseline 0.002 -15"><span class='ocrx_word' id='word_1_263' title='bbox 221 3834 282 3888; x_wconf 78' lang='lat' dir='ltr'><strong>Vri.</strong></span> <span class='ocrx_word' id='word_1_264' title='bbox 310 3835 368 3900; x_wconf 83' lang='lat' dir='ltr'><strong>Quo</strong></span> <span class='ocrx_word' id='word_1_265' title='bbox 388 3837 550 3903; x_wconf 86' lang='lat' dir='ltr'><strong>exquiritur,</strong></span> <span class='ocrx_word' id='word_1_266' title='bbox 574 3841 642 3902; x_wconf 88' lang='lat' dir='ltr'><strong>quot</strong></span> <span class='ocrx_word' id='word_1_267' title='bbox 661 3835 772 3890; x_wconf 89' lang='lat' dir='ltr'><strong>nomina</strong></span> <span class='ocrx_word' id='word_1_268' title='bbox 794 3837 822 3889; x_wconf 91' lang='lat' dir='ltr'><strong>in</strong></span> <span class='ocrx_word' id='word_1_269' title='bbox 842 3837 964 3889; x_wconf 82' lang='lat' dir='ltr'><strong>centenis</strong></span> <span class='ocrx_word' id='word_1_270' title='bbox 983 3836 1108 3890; x_wconf 84' lang='lat' dir='ltr'><strong>versibus</strong></span> <span class='ocrx_word' id='word_1_271' title='bbox 1127 3837 1217 3890; x_wconf 85' lang='lat' dir='ltr'><strong>vario·</strong></span> 
     </span>
     <span class='ocr_line' id='line_1_38' title="bbox 311 3925 1395 3994; baseline 0.001 -17"><span class='ocrx_word' id='word_1_272' title='bbox 311 3940 371 3977; x_wconf 92' lang='lat' dir='ltr'><strong>rum</strong></span> <span class='ocrx_word' id='word_1_273' title='bbox 391 3926 541 3978; x_wconf 90' lang='lat' dir='ltr'><strong>carminum</strong></span> <span class='ocrx_word' id='word_1_274' title='bbox 561 3941 691 3994; x_wconf 88' lang='lat' dir='ltr'><strong>generum</strong></span> <span class='ocrx_word' id='word_1_275' title='bbox 711 3927 888 3978; x_wconf 86' lang='lat' dir='ltr'><strong>inveniantur</strong></span> <span class='ocrx_word' id='word_1_276' title='bbox 943 3965 1305 3980; x_wconf 86' lang='grc'><em>.........</em></span> <span class='ocrx_word' id='word_1_277' title='bbox 1344 3925 1395 3978; x_wconf 89' lang='grc'><strong>199</strong></span> 
     </span>
    </p>

    <p class='ocr_par' dir='ltr' id='par_1_21' title="bbox 235 4013 1392 4158">
     <span class='ocr_line' id='line_1_39' title="bbox 235 4013 1218 4082; baseline 0.003 -17"><span class='ocrx_word' id='word_1_278' title='bbox 235 4013 282 4068; x_wconf 92' lang='lat' dir='ltr'><strong>VI.</strong></span> <span class='ocrx_word' id='word_1_279' title='bbox 312 4014 370 4079; x_wconf 83' lang='lat' dir='ltr'><strong>Quo</strong></span> <span class='ocrx_word' id='word_1_280' title='bbox 396 4018 462 4080; x_wconf 91' lang='lat' dir='ltr'><strong>quot</strong></span> <span class='ocrx_word' id='word_1_281' title='bbox 489 4015 608 4068; x_wconf 82' lang='lat' dir='ltr'><strong>Graecas</strong></span> <span class='ocrx_word' id='word_1_282' title='bbox 637 4015 741 4068; x_wconf 85' lang='lat' dir='ltr'><strong>formas</strong></span> <span class='ocrx_word' id='word_1_283' title='bbox 773 4016 957 4080; x_wconf 87' lang='lat' dir='ltr'><strong>unusquisque</strong></span> <span class='ocrx_word' id='word_1_284' title='bbox 985 4020 1067 4082; x_wconf 88' lang='lat' dir='ltr'><strong>poeta</strong></span> <span class='ocrx_word' id='word_1_285' title='bbox 1095 4015 1218 4068; x_wconf 89' lang='lat' dir='ltr'><strong>centenis</strong></span> 
     </span>
     <span class='ocr_line' id='line_1_40' title="bbox 310 4103 1392 4158; baseline 0 -2"><span class='ocrx_word' id='word_1_286' title='bbox 310 4103 434 4157; x_wconf 86' lang='lat' dir='ltr'><strong>versibus</strong></span> <span class='ocrx_word' id='word_1_287' title='bbox 454 4105 603 4157; x_wconf 87' lang='lat' dir='ltr'><strong>inseruerit</strong></span> <span class='ocrx_word' id='word_1_288' title='bbox 622 4105 828 4157; x_wconf 83' lang='lat' dir='ltr'><strong>demonstratur</strong></span> <span class='ocrx_word' id='word_1_289' title='bbox 853 4145 1216 4158; x_wconf 87' lang='grc'>.........</span> <span class='ocrx_word' id='word_1_290' title='bbox 1254 4103 1392 4156; x_wconf 82' lang='grc'>200-201</span> 
     </span>
    </p>
   </div>
   <div class='ocr_carea' id='block_1_8' title="bbox 0 0 1730 5316">
    <p class='ocr_par' dir='ltr' id='par_1_22' title="bbox 0 0 1730 5316">
     <span class='ocr_line' id='line_1_41' title="bbox 0 0 1730 5316; baseline 0 0"><span class='ocrx_word' id='word_1_291' title='bbox 0 0 1730 5316; x_wconf 95' lang='lat' dir='ltr'><strong> </strong></span> 
     </span>
    </p>
   </div>
  </div>
 </body>
</html>
