3442 5324
652 422 863 522 ,1-

238 636 345 716 Atque
368 636 427 702 vix
451 638 544 702 domo
568 655 745 719 progressa
769 643 827 719 est,
853 655 925 703 cum
949 637 984 702 id
1007 637 1092 717 quod
1117 637 1373 720 desideraverat,

146 744 348 824 Agamemno
379 743 451 825 ipse
483 745 587 809 redux
614 743 661 809 fit.
715 743 830 825 Neque
856 763 934 811 vero
966 745 1117 825 cuiquam
1146 745 1279 811 dubium
1311 744 1376 812 erit

145 850 225 930 quin
260 849 321 916 illa
355 869 472 917 revera
504 850 679 934 prodierit,
715 858 752 916 ut
783 852 938 917 maritum
966 871 987 917 a
1014 852 1152 918 consilio
1182 851 1239 918 ilio
1272 852 1373 935 impio

146 975 259 1022 coram
286 957 529 1038 spectatoribus
552 977 693 1024 0100010
721 959 875 1024 studeret.
924 959 1029 1043 Quam
1051 961 1095 1025 ad
1117 978 1187 1025 rem
1211 977 1248 1026 se
1272 960 1374 1042 impe-

146 1064 290 1130 dimento
321 1065 380 1130 iilo
414 1066 565 1131 scaenico
594 1071 743 1131 coactum
775 1065 966 1149 confugisse
996 1065 1173 1149 Euripides
1208 1067 1374 1132 occultare

145 1172 421 1254 00001011011110,
440 1172 557 1252 quibus
573 1174 773 1254 Agamemno
791 1193 925 1240 uxorem
945 1173 1126 1253 0110001101
1143 1176 1186 1258 (v.
1199 1173 1372 1258 1106-08):

361 1286 477 1376 Λήδας
499 1286 665 1373 γένεθλον,
691 1287 725 1355 ἐν
747 1289 836 1374 καλῷ
860 1286 889 1355 o’
912 1285 975 1373 ἔξω
999 1285 1110 1373 δόμων

360 1392 484 1486 ηὕρηχ’,
508 1393 550 1461 ἵν’
573 1397 657 1462 εἴπω
681 1394 855 1486 παρθένου
878 1396 979 1486 χωρὶς
1002 1393 1118 1480 λόγους

360 1500 419 1579 οὓς
441 1500 499 1569 οὐκ
521 1499 652 1571 α’κοῦειυ
675 1501 735 1580 τὰς
757 1501 966 1588 γαμουμένας
989 1501 1129 1590 πρέπει.Δ

237 1619 300 1687 Sed
327 1640 403 1686 num
431 1641 549 1687 revera
576 1621 676 1688 talem
705 1641 777 1687 cum
804 1640 907 1688 uxore
934 1621 1065 1686 confert
1092 1638 1286 1704 sermonem,
1320 1622 1373 1688 cui

144 1729 306 1793 interesse
340 1728 547 1810 Iphigeniam
582 1729 777 1794 dedeceret?
831 1728 968 1793 Minime
1000 1731 1095 1793 10101
1152 1728 1237 1794 Nam
1271 1728 1373 1794 filiam

144 1835 212 1901 sibi
241 1835 372 1901 tradere
400 1835 491 1901 iubet
514 1836 800 1919 Clytaemestram,
833 1854 905 1901 0010
929 1854 994 1916 qua
1022 1842 1098 1900 ante
1121 1835 1254 1917 nuptias
1278 1855 1374 1902 sacra

145 1943 197 2007 dis
223 1942 334 2008 debita
359 1943 465 2010 100101
487 1942 810 2029 (01.1.1110-14).
858 1942 950 2026 Quae
973 1945 1076 2008 verba
1097 1942 1373 2024 Agamemnonem

144 2069 211 2114 non
236 2049 346 2116 facere
368 2055 516 2133 apparet,
540 2050 606 2116 nisi
629 2056 667 2115 ut
681 2068 894 2133 personarum
911 2050 1022 2116 verbis
1045 2050 1129 2131 ipsis
1145 2053 1375 2132 comprobetur

144 2157 254 2222 locum
281 2157 399 2224 adres
423 2158 628 2240 peragendas
652 2157 759 2239 magis
783 2157 934 2223 idoneum
962 2157 1023 2222 hoc
1046 2157 1118 2239 ipso
1143 2176 1207 2221 non
1231 2164 1372 2241 exstare,

145 2283 342 2345 0001000010
372 2271 470 2348 poeta
489 2257 598 2331 ¹rebus
629 2265 790 2331 scaenicis
821 2271 953 2331 coactus
984 2266 1027 2330 ad
1056 2263 1149 2330 iilum
1177 2283 1236 2347 pro
1267 2265 1373 2331 altero

145 2370 307 2454 confugit.

236 2568 348 2648 Neque
375 2587 452 2634 raro
476 2568 608 2634 evenire
632 2575 780 2649 opertum
805 2574 868 2651 est,
897 2571 934 2634 ut
956 2586 1115 2650 personae
1143 2566 1186 2633 iis
1209 2571 1306 2634 rebus
1330 2570 1373 2634 ad

146 2694 229 2755 quas
254 2677 459 2757 peragendas
487 2675 522 2740 in
549 2695 702 2741 scaenam
726 2675 919 2757 prodierant
940 2675 1098 2757 perfectis
1127 2675 1194 2740 alio
1218 2676 1374 2740 decedere

145 2789 316 2864 cogantur.
363 2781 426 2848 Sed
450 2801 521 2848 cum
549 2782 747 2865 paulopost
774 2782 881 2847 altera
904 2801 1045 2863 persona
1074 2801 1129 2847 eas
1158 2782 1290 2849 aditura
1317 2782 1371 2864 sit,

146 2889 328 2970 quaiibet
359 2890 403 2954 de
432 2908 550 2955 causa
582 2889 621 2954 in
649 2908 793 2955 scaena
821 2895 1036 2972 remanent,
1069 2908 1113 2954 ne
1142 2907 1216 2969 qua
1246 2889 1371 2954 intro-

146 2995 263 3062 eundi
287 2995 463 3062 facultas
487 2995 552 3061 1111
577 2997 698 3062 detur.

235 3103 275 3168 In
306 3102 511 3169 Alcestide
551 3103 636 3169 enim
667 3103 817 3170 crederes
849 3103 920 3168 1010
950 3108 987 3168 01
1017 3103 1174 3168 Admetus
1204 3122 1224 3167 a
1257 3102 1373 3168 funere

145 3210 260 3276 uxoris
283 3228 436 3277 reversus
459 3210 531 3277 sine
554 3229 647 3276 mora
662 3211 790 3277 domum
814 3210 920 3293 ipsam
944 3215 1123 3292 appeteret,
1149 3209 1206 3275 ubi
1229 3209 1372 3275 animum

145 3323 251 3383 totum
281 3316 388 3383 dolori
411 3317 551 3384 dederet.
599 3317 663 3384 Sed
691 3323 803 3384 tantus
834 3323 884 3382 est
911 3316 1018 3383 luctus
1047 3316 1131 3399 eius,
1163 3322 1200 3382 ut
1223 3316 1373 3397 quamvis

147 3426 267 3491 chorus
293 3425 387 3490 illum
409 3425 559 3491 hortetur
583 3424 639 3511 (cf.
664 3446 695 3492 v.
714 3425 795 3490 872:
820 3420 931 3511 πρόβα
954 3419 1085 3510 πρόβα·
1109 3425 1208 3509 βᾶθι
1231 3427 1375 3500 κεῦθος

146 3533 295 3615 οἴκων),
331 3531 431 3598 limen
458 3533 571 3615 regiae
598 3532 715 3615 regina
743 3533 880 3599 orbatae
907 3530 1096 3613 transgredi
1127 3536 1282 3598 vereatur
1317 3550 1373 3595 ex-

146 3640 294 3706 clamans
317 3639 361 3726 (v.
379 3639 473 3724 941):

360 3757 432 3831 πῶς
454 3750 515 3842 γὰρ
539 3751 651 3838 δόμων
673 3751 768 3820 τῶνδ’
791 3750 943 3830 εἰσόδους
966 3750 1125 3837 ἀνέξομαι
1136 3753 1180 3840 1),·

237 3871 343 3955 Quam
365 3890 433 3937 rem
449 3871 627 3954 Euripides
651 3871 915 3954 ingeniosissime
938 3872 1054 3937 adres
1078 3870 1248 3938 scaenicas
1264 3875 1372 3952 aptat;

146 3999 222 4047 nam
252 3999 292 4045 ea
314 3978 444 4060 quidem
467 3978 596 4045 ratione
620 3977 780 4061 efficitur,
809 3985 847 4044 ut
869 3977 1029 4044 Hercules
1057 3977 1114 4043 ubi
1137 3976 1276 4059 primum
1301 3995 1373 4042 cum

148 4087 317 4154 Alcestide
348 4107 389 4153 ex
419 4085 538 4153 inferis
567 4086 704 4153 reducta
734 4087 922 4167 reverterit,
959 4085 1052 4151 iilum
1085 4086 1120 4150 in
1150 4103 1270 4150 scaena
1299 4083 1374 4164 ipsa

147 4195 332 4264 conveniat.

236 4301 349 4382 Neque
376 4301 412 4367 in
435 4301 594 4367 Hecuba
625 4300 769 4367 famulae
799 4306 938 4366 matrem
966 4318 1049 4380 quae
1072 4298 1143 4363 filia
1171 4299 1213 4363 ad
1236 4304 1373 4363 mortem

140 4410 291 4476 abducta
313 4408 408 4490 quasi
439 4408 628 4474 exanimata
657 4410 890 4491 procubuerat,
921 4406 956 4471 id
980 4407 1065 4487 quod
1089 4405 1212 4486 decuit,
1245 4405 1372 4469 domum

240 4606 258 4674 ¹)
278 4605 320 4659 Cf.
340 4605 537 4672 Wiianrowitz,
557 4603 729 4658 Grieohische
748 4602 905 4673 Tragbdieu
924 4601 966 4655 ΙΙΙ
985 4617 1009 4670 p.
1024 4602 1066 4656 91.

202 4745 323 4798 Fcisob,
344 4746 436 4798 Quibus
451 4745 565 4788 artificiis
580 4744 698 4787 adhibitis
714 4744 804 4797 tragici
821 4777 825 4786 .
841 4777 865 4786 ..
1250 4725 1266 4776 5
