3462 5312
846 377 984 476 „Ab
1026 469 1054 475 ,.

396 611 399 620 ·
429 591 457 653 7.
490 589 639 656 Ablativi
669 590 918 656 terminationes
948 591 1157 673 graecissans
1185 613 1216 656 -c
1246 596 1279 656 et
1308 590 1432 656 Latina
1458 604 1494 655 -ᾱ
1524 593 1563 656 ad

337 715 465 762 versum
491 698 696 778 pangendum
726 698 809 763 nihil
839 698 925 763 inter
948 717 983 764 se
1008 699 1146 780 distant,
1178 703 1380 780 quapropter
1407 698 1563 764 metricae

338 823 457 868 causae
481 823 544 870 non
561 810 637 869 sunt
660 804 896 886 respiciendae.
936 805 999 871 Sed
1016 811 1074 871 aut
1089 805 1326 887 graecissantis
1351 811 1409 870 aut
1426 804 1565 870 Latinae

337 910 581 976 terminationis
609 911 780 992 eligendae
816 912 903 978 vatio
935 914 1047 977 eadem
1079 919 1143 994 est,
1173 931 1269 992 quam
1303 913 1345 977 ad
1377 911 1564 994 genetivum

337 1022 370 1082 et
398 1017 623 1083 accusativum
651 1019 765 1083 horum
794 1019 959 1084 nominum
986 1020 1190 1085 formandum
1220 1020 1394 1101 plurImum
1419 1019 1564 1084 valuisse

336 1125 488 1191 vidimus.
535 1125 651 1206 Itaque
687 1126 796 1191 omnia
827 1127 973 1208 nomina,
1010 1145 1146 1206 quorum
1182 1126 1405 1192 nominativus
1438 1145 1566 1208 semper

337 1232 463 1298 Graece
488 1233 570 1314 exit,
602 1233 861 1314 graecissantem
885 1253 1011 1315 quoque
1042 1234 1224 1300 ablativum
1255 1239 1472 1300 servaverunt
1503 1252 1564 1297 uno

336 1340 405 1405 solo
438 1347 575 1420 excepto
605 1340 724 1406 Ithaco.
766 1341 887 1406 Eorum
912 1347 1021 1406 autem
1047 1341 1212 1406 nominum
1243 1340 1395 1422 ablativi,
1428 1359 1564 1420 quorum

336 1446 559 1512 nominativus
583 1446 636 1512 vel
660 1446 780 1512 Latine
804 1448 856 1514 vel
881 1449 1008 1513 Graece
1031 1448 1226 1514 terminatus
1250 1453 1309 1528 est,
1337 1447 1564 1529 genetivorum

337 1553 491 1618 Latinam
514 1554 677 1619 rationem
700 1554 804 1619 secuti
821 1573 949 1636 semper
973 1555 1007 1619 in
1031 1568 1065 1618 -n
1090 1554 1257 1619 desinunt:
1282 1556 1389 1620 Aetna
1413 1553 1564 1618 Albinam

338 1659 429 1727 Creta
454 1661 571 1726 Heleno
596 1661 659 1728 Isiu
683 1661 789 1727 Lerna
816 1662 891 1728 Octo
916 1662 1042 1744 Sparta.
1091 1662 1229 1728 Accedit
1257 1661 1425 1728 ablativus
1449 1661 1562 1743 Libyn,

336 1768 428 1834 cuius
458 1768 600 1834 nominis
631 1769 854 1834 nominativus
885 1777 1019 1851 propter
1049 1768 1147 1835 metri
1177 1768 1406 1834 necessitatem
1437 1786 1565 1850 semper

337 1881 386 1940 est
410 1876 558 1942 Graecus
587 1875 700 1958 Libye,
732 1877 905 1958 genetivus
934 1884 1042 1942 autem
1066 1876 1256 1958 plerumque
1286 1875 1321 1940 in
1349 1897 1403 1941 -ne
1432 1873 1563 1940 desinit.

336 1983 496 2048 Hesionae
527 1982 669 2048 nominis
694 1984 914 2049 BaehrenSIus
938 1984 1120 2050 ablativum
1145 1983 1403 2065 graecissantem
1427 1983 1564 2048 Hesionae

338 2090 371 2154 in
397 2089 514 2154 lliadis
532 2089 674 2155 Latinae
698 2110 795 2156 versu
813 2092 877 2155 624
902 2091 1046 2172 scripsit,
1072 2109 1267 2171 quamquam
1292 2109 1402 2155 omnes
1433 2089 1562 2154 codices

336 2197 491 2262 Latinam
529 2198 668 2262 formam
704 2199 847 2262 tradunt.
905 2199 1009 2282 Quam
1043 2203 1080 2263 ut
1110 2199 1304 2264 servandam
1340 2216 1411 2262 esse
1442 2203 1561 2278 putem,

337 2303 481 2370 eiusdem
513 2305 654 2370 nominis
682 2305 854 2386 genetivus
878 2306 998 2370 Latine
1022 2305 1233 2385 terminatus,
1270 2303 1325 2384 qui
1354 2304 1388 2368 in
1412 2303 1561 2385 proximo

336 2431 435 2478 versu
459 2413 524 2510 636
548 2411 680 2494 legItur,
705 2431 755 2477 me
780 2418 898 2478 movet.

424 2518 598 2584 Nominum
633 2519 907 2601 appellativorum
942 2526 978 2584 ut
1012 2519 1209 2585 nominativi
1244 2525 1277 2584 et
1311 2518 1474 2601 genetivi,
1515 2517 1560 2582 ita

335 2624 476 2692 ablativi
500 2645 628 2708 semper
651 2626 771 2691 LatIne
795 2633 872 2692 sunt
894 2627 982 2692 flexi.

425 2733 572 2797 Eandem
596 2733 759 2798 rationem
784 2741 964 2814 sequuntur
987 2735 1151 2799 nominum
1180 2733 1215 2798 in
1238 2757 1294 2820 -ης
1316 2732 1562 2798 terminantium

336 2839 477 2906 ablativi
529 2841 641 2906 obruto
690 2847 722 2905 et
764 2863 925 2925 pericopa,
980 2841 1097 2921 quibus
1141 2841 1384 2924 graecissantes
1431 2841 1563 2904 obstant

335 2953 451 3012 ceraste
485 2953 518 3012 et
547 2947 709 3030 hydrunte.
765 2947 920 3013 Eiusdem
956 2948 1087 3030 generis
1120 2948 1253 3014 nomina
1286 2947 1423 3029 propria
1453 2945 1562 3011 omnia

336 3053 406 3119 fere
434 3054 732 3136 graecissaverunt.
786 3055 905 3120 Latine
937 3057 1096 3121 formatos
1132 3055 1316 3121 invenimus
1347 3056 1405 3120 bos
1436 3060 1562 3118 tantum

336 3160 518 3226 ablativos:
551 3163 670 3228 Atrida
700 3163 787 3243 apud
810 3161 964 3228 Senecam
994 3162 1070 3244 (Ag.
1089 3163 1166 3248 292)
1198 3168 1230 3228 et
1253 3161 1288 3226 in
1312 3160 1418 3226 Iliade
1441 3159 1564 3225 Latina

334 3267 400 3352 (90,
428 3267 505 3352 327.)
551 3269 651 3334 llloca
690 3270 776 3350 apud
814 3268 932 3335 Silium
962 3270 1117 3334 Italicum
1155 3269 1223 3354 (IX
1247 3268 1319 3353 89).
1383 3269 1562 3332 Praeterea

335 3375 459 3441 Seneca
488 3375 580 3460 (Oed.
603 3375 680 3462 943)
712 3376 848 3458 scripsit
882 3375 1055 3459 Oedipoda,
1101 3376 1228 3443 Statius
1256 3375 1370 3456 (Theb.
1394 3374 1461 3442 VII
1485 3373 1561 3456 513)

338 3480 500 3565 Oedipode.
553 3483 693 3548 Omnino
727 3483 876 3549 omnibus
907 3485 977 3550 fere
1011 3484 1093 3550 locis
1125 3483 1275 3548 nonnulli
1306 3481 1436 3548 codices
1467 3499 1561 3562 grae

336 3590 512 3655 cissantem
544 3590 807 3655 terminationem
831 3594 999 3672 praebent.
1047 3591 1100 3656 Ex
1124 3610 1186 3671 quo
1217 3589 1305 3655 effici
1336 3594 1446 3671 potest
1468 3606 1561 3669 grae-

337 3697 514 3762 cissantem
540 3697 680 3763 formam
704 3698 824 3764 scribis
850 3698 952 3764 t'uisse
977 3699 1149 3764 tritiorem.
1212 3703 1220 3721 '

424 3823 454 3886 8.
479 3821 676 3888 Accuratius
701 3822 878 3888 diiudicari
901 3842 997 3904 posse
1014 3823 1145 3890 videtur
1168 3825 1208 3888 de
1228 3822 1333 3888 variis
1357 3821 1560 3888 terminatio-

334 3928 431 3993 nibus
466 3929 616 4011 Enropae
653 3930 809 4011 nominis,
856 3929 949 3996 cuius
987 3930 1210 3997 nominativus
1248 3930 1379 4010 quidem
1415 3930 1560 3996 Graecus

335 4035 462 4119 Europe
495 4055 623 4118 semper
657 4036 826 4119 significat
864 4036 956 4102 illam
989 4038 1152 4120 virginem
1187 4037 1441 4121 mythologicam
1477 4036 1561 4119 apud

337 4143 567 4209 Germanicum
589 4143 723 4228 (Phaen.
738 4144 816 4228 537)
841 4150 874 4208 et
893 4144 1079 4210 Martialem
1105 4145 1152 4230 (II
1178 4145 1228 4225 14,
1246 4143 1277 4227 5,
1301 4143 1384 4212 XIV
1401 4143 1466 4208 180
1482 4141 1559 4226 tit.);

336 4252 423 4332 apud
453 4250 571 4316 Silium
594 4251 747 4317 Italicum
778 4249 870 4337 (XIV
889 4251 966 4335 568)
998 4270 1112 4317 nomen
1144 4257 1194 4317 est
1226 4250 1321 4318 navis
1352 4251 1391 4318 de
1419 4250 1481 4316 illa
1508 4251 1559 4314 de-

335 4365 530 4439 promptum.
577 4358 701 4423 Latina
733 4364 841 4424 autem
875 4360 982 4424 forma
1015 4361 1145 4442 Europa
1178 4378 1307 4441 semper
1339 4363 1453 4424 nostra
1485 4375 1560 4440 pars

335 4464 426 4530 orbis
450 4471 612 4530 terrarum
641 4466 829 4531 nominatur
852 4467 978 4551 (llanil.
1003 4467 1050 4534 IV
1067 4467 1130 4532 681
1160 4466 1271 4532 Senes.
1294 4465 1399 4547 epigr.
1423 4464 1511 4532 XIII
1533 4466 1559 4544 1,

335 4571 446 4639 LXVI
466 4573 481 4636 l
506 4572 629 4636 Lucan.
643 4572 694 4636 IX
710 4573 776 4637 415
799 4571 992 4640 Valmacc.
1010 4574 1126 4638 11615
1151 4573 1233 4640 Stat.
1245 4573 1323 4638 Acb.
1342 4571 1359 4636 Ι
1375 4573 1440 4637 397
1464 4572 1558 4637 biart.
