3496 5310
787 431 831 496 69

192 647 364 714 adamasse
396 645 553 730 vidimus,
587 647 670 714 adeo
703 665 723 712 a
753 646 875 714 ueteris
906 645 1095 730 discedunt,
1128 653 1166 714 ut
1196 666 1238 714 ne
1268 645 1424 715 dimidiae

191 754 320 836 quidem
350 752 513 821 nominum
546 753 745 821 Graecorum
780 753 870 836 parti
903 753 1170 821 terminationem
1203 751 1422 836 servaverint,

191 863 248 928 sed
277 860 438 928 Horatius
469 861 690 945 quadragenis
720 862 806 928 binis
835 881 853 928 e
882 868 1012 930 eentum
1041 859 1240 943 nominibus,
1273 862 1423 928 Tibullus

191 969 414 1052 quadragenis
452 969 614 1050 septenis,
652 969 845 1053 Lygdamus
881 967 1026 1036 tricenis.
1084 968 1266 1052 Vergiliae,
1307 975 1423 1036 auctor

190 1075 384 1160 panegyrici
408 1076 600 1158 Messallae,
628 1075 838 1159 Propertius,
868 1075 1006 1143 Ovidius
1033 1076 1108 1158 plus
1136 1095 1231 1158 quam
1256 1073 1422 1142 dimidiam

190 1189 321 1265 partem
345 1181 509 1248 nominum
533 1182 734 1249 Graecorum
760 1201 824 1248 non
848 1188 1069 1250 mutaverunt.

280 1287 419 1355 Nomina
449 1288 554 1373 igitur
582 1289 714 1356 Graeco
744 1307 828 1371 quae
856 1289 1055 1356 Graecorum
1085 1308 1174 1356 more
1201 1289 1287 1357 flexa
1315 1293 1422 1372 erant,

190 1394 330 1478 primum
352 1415 447 1478 quam
469 1396 609 1463 maxime
630 1395 757 1462 evitata
774 1415 813 1463 ae
829 1395 955 1464 reieota
975 1403 1147 1479 postquam
1165 1396 1240 1463 inde
1257 1415 1277 1462 a
1293 1395 1424 1462 Cicero-

190 1501 243 1569 nis
272 1508 307 1568 et
330 1501 452 1570 Catulli
476 1508 590 1569 aetate
621 1501 654 1569 in
679 1521 858 1571 sermonem
881 1504 1043 1586 poeticum
1072 1503 1291 1570 Romanorum
1319 1503 1423 1569 intro-

190 1609 292 1676 ducta
334 1616 427 1692 sunt,
462 1614 561 1677 tenta
592 1610 626 1679 vi
658 1629 776 1678 versus
810 1610 929 1678 heroos
961 1611 1100 1676 Latinos
1133 1616 1351 1693 occuparunt,
1385 1616 1423 1676 ut

190 1716 280 1800 apud
310 1717 481 1800 plerosque
511 1723 627 1800 poetas
651 1717 781 1784 rariora
805 1723 938 1785 exstent
961 1717 1019 1784 illa
1042 1717 1173 1786 nomina
1203 1736 1288 1800 quae
1312 1717 1422 1798 priseo

189 1841 281 1890 more
303 1823 447 1890 Latinae
477 1823 610 1910 linguae
640 1825 828 1907 adaequata
857 1831 949 1908 suut,
981 1831 1013 1891 et
1045 1830 1114 1892 tres
1145 1830 1274 1891 tantum
1303 1829 1422 1906 poetae

189 1937 340 1999 veterum
365 1931 516 2016 vestigiis
538 1933 600 2000 hac
622 1931 657 1998 in
681 1952 717 1999 re
741 1931 896 1999 insistere
921 1932 993 2000 ausi
1018 1931 1095 2000 sint.
1135 1932 1193 1999 sed
1217 1951 1272 1999 eos
1296 1950 1423 2013 quoque

190 2037 249 2122 qui
274 2039 406 2107 Graeca
436 2038 533 2106 nimis
562 2059 672 2106 amare
704 2040 872 2122 videntur,
905 2039 1059 2107 excusari
1089 2039 1202 2106 multis
1234 2039 1342 2106 causis
1371 2057 1422 2104 me

191 2146 389 2229 probavisse
412 2165 517 2229 spero.
