3452 5314
923 407 967 474 66

328 640 457 704 semper
492 621 636 688 Latinae
670 620 808 687 alterius
844 620 1076 687 declinationis
1112 621 1235 686 exitum
1266 621 1372 705 pelagi
1406 624 1555 704 praebet.

327 728 411 795 Item
439 728 612 812 genetivus
643 729 780 813 aepoeeoi
803 726 925 814 (Germ.
943 728 1064 794 Phaen.
1090 729 1166 810 381,
1184 727 1248 794 597
1279 727 1398 810 fragm.
1425 729 1472 795 IV
1488 730 1555 812 69).

417 836 540 902 Latina
570 834 709 916 denique
738 835 928 901 terminatio
959 837 1004 902 -is
1039 835 1159 915 ubique
1194 841 1304 902 exstat
1333 855 1393 917 pro
1426 836 1556 902 Graece

328 966 406 1019 -εως
429 943 479 1008 in:
511 942 624 1010 Baetis
648 942 754 1026 Syrtis
772 943 897 1025 pristis.

417 1049 541 1116 Eorum
563 1049 742 1128 nominum,
773 1066 909 1129 quorum
932 1047 1155 1115 nominativus
1180 1048 1328 1114 Graecus
1351 1049 1386 1113 in
1409 1073 1468 1132 -ω,
1499 1069 1556 1131 ge-

327 1156 458 1224 netivus
492 1157 527 1222 in
557 1178 631 1232 -ooe
664 1155 733 1221 exit
743 1153 777 1242 ¹),
813 1155 986 1238 genetivus
1019 1175 1039 1221 a
1070 1155 1193 1221 nostris
1223 1156 1331 1237 poetis
1365 1156 1475 1223 factus
1506 1163 1558 1223 est

327 1283 417 1331 more
447 1263 612 1330 nominum
640 1262 782 1329 Latinae
816 1263 936 1328 tertiae
964 1261 1196 1328 declinationis
1226 1262 1262 1327 in
1289 1285 1324 1329 -o
1357 1263 1557 1346 exeuntium,

327 1371 381 1438 vel
396 1370 519 1437 Latina
543 1369 774 1436 terminatione
798 1371 842 1435 -is
866 1369 1032 1435 adhibita:
1065 1369 1205 1436 60110010
1228 1369 1353 1454 (Priap.
1371 1369 1556 1438 LXVIII:

326 1477 478 1543 nonnulli
505 1477 651 1544 codices:
683 1475 770 1542 Dido
785 1477 858 1560 foc,
892 1476 978 1556 quod
1008 1476 1166 1542 Heinsius
1195 1475 1340 1542 correxit
1370 1477 1405 1541 in
1432 1477 1557 1562 Didus)

329 1583 486 1670 Gorgonis
510 1584 632 1670 (Germ.
650 1583 773 1649 Phaon.
792 1583 880 1668 218),
905 1583 957 1648 vel
983 1583 1112 1650 Graeca
1135 1605 1201 1650 -os:
1228 1582 1392 1668 Gorpmeos
1415 1583 1556 1668 (Lucan.

327 1689 374 1756 Ill
399 1691 478 1758 653:
502 1689 597 1759 VUG
620 1693 664 1756 -is
694 1710 793 1774 nes,
823 1690 902 1756 668:
926 1691 957 1758 V
980 1692 1024 1755 =is
1047 1690 1078 1757 U
1101 1695 1172 1772 es).

416 1798 599 1879 Praecipue
628 1803 737 1864 autem
765 1796 974 1880 respicienda
998 1803 1074 1863 suut
1098 1817 1137 1863 ea
1160 1797 1307 1880 nomina,
1337 1816 1475 1878 quorum
1497 1818 1558 1864 no-

326 1903 506 1971 minativus
531 1905 678 1971 Graecus
702 1904 771 1970 exit
799 1903 834 1969 in
857 1927 938 1986 -ευς,
966 1904 1139 1986 genetivus
1163 1904 1198 1970 in
1221 1901 1343 1990 -έωςῆ,
1392 1905 1444 1970 Ea
1468 1906 1557 1971 enim

325 2018 385 2078 aut
406 2013 492 2079 bane
510 2011 774 2078 terminationem
798 2016 933 2078 servant
957 2017 1015 2076 aut
1036 2012 1225 2092 genetivum
1245 2012 1440 2078 Latinorum
1464 2030 1557 2078 more

325 2138 385 2202 per
408 2122 452 2186 -ei
474 2119 607 2202 liniunt,
637 2121 694 2185 sed
718 2119 849 2201 saepius
873 2119 936 2200 ita,
968 2125 1004 2183 ut
1027 2120 1071 2184 -ei
1100 2138 1197 2184 unam
1221 2118 1386 2202 syllabam
1413 2118 1553 2184 efficiat.

417 2225 571 2310 Singulos
595 2233 711 2308 poetas
735 2225 886 2308 aggressi
909 2225 1094 2292 invenimus
1117 2227 1205 2307 apud
1228 2225 1435 2291 Manilium
1458 2226 1555 2292 Lati-

326 2351 387 2399 nas
411 2333 536 2399 formas
572 2334 664 2399 Atrei
685 2335 716 2400 V
738 2333 804 2398 462
841 2338 874 2397 et
908 2330 1017 2400 Persei
1039 2332 1073 2397 II
1098 2333 1140 2398 28
1165 2333 1290 2398 duabus
1313 2332 1454 2415 syllabis
1477 2352 1555 2414 pro·

325 2440 534 2507 nuntiandas.

415 2547 455 2614 In
484 2547 710 2614 Germanici
740 2552 849 2613 autem
873 2546 1110 2612 Phaenomenis
1139 2545 1295 2628 legimus:
1329 2545 1464 2629 Cepheos
1489 2547 1553 2613 189

326 2656 366 2739 (Ζ
389 2675 478 2722 -oeus
504 2656 517 2719 l
539 2653 632 2740 eus),
667 2653 763 2740 191³)
788 2652 828 2739 (Z
852 2675 936 2720 -ceos
964 2652 1092 2740 leus),
1123 2654 1187 2718 282
1219 2660 1253 2720 et
1275 2653 1407 2720 Perseos
1431 2654 1506 2719 249.

415 2761 541 2829 Eodem
555 2763 650 2828 modo
674 2762 708 2826 in
732 2761 903 2827 Senecae
926 2760 1108 2842 tragoediis
1128 2759 1289 2827 formatus
1313 2766 1364 2826 est
1379 2761 1554 2843 genetivus

326 2869 480 2936 Peretbeos
515 2867 607 2955 (Oed.
625 2867 713 2950 442).
772 2869 836 2934 Sed
871 2867 990 2934 ceteris
1024 2867 1107 2934 loeis
1142 2867 1196 2932 bic
1232 2873 1329 2948 poeta
1364 2867 1554 2950 genetivum

326 2978 441 3043 horum
464 2975 629 3041 nominum
658 2974 694 3040 in
721 2977 765 3040 -ei
794 2993 969 3040 excurrere
992 2974 1112 3057 voluit,
1144 2993 1209 3055 qua
1239 2973 1474 3040 terminatione
1503 2975 1553 3041 ita

254 3167 256 3170 Ι
326 3102 405 3150 usus
428 3089 492 3164 est,
523 3088 559 3148 ut
582 3083 677 3148 modo
701 3101 799 3147 unam
826 3081 990 3164 syllabam
1015 3080 1177 3162 efficeret,
1202 3082 1296 3147 modo
1321 3081 1355 3146 in
1379 3083 1461 3148 duas
1485 3082 1553 3148 dis-

325 3191 482 3257 traheret.

416 3296 456 3362 ln
479 3297 643 3362 Troadum
668 3295 754 3362 enim
778 3315 876 3363 versu
899 3296 962 3360 341
988 3295 1134 3361 senario:

621 3391 759 3478 Anser
783 3412 936 3496 Thyestae
958 3410 1090 3476 nobilem
1112 3414 1185 3477 noui
1207 3411 1332 3477 domum

326 3529 370 3594 -ei
401 3527 533 3612 syllaba
565 3527 631 3594 nisi
663 3547 722 3610 per
754 3527 969 3609 dipthongum
1003 3526 1210 3608 pronuntiari
1243 3546 1308 3592 nou
1340 3533 1458 3608 potest.
1514 3527 1553 3592 ln

326 3635 582 3719 Agamemnonis
606 3641 715 3701 autem
738 3653 836 3702 versu
859 3635 924 3700 616
949 3633 1241 3718 hendecasyllabo:

623 3752 718 3834 quom
740 3771 804 3816 aa
827 3727 917 3816 Pelei
939 3750 1137 3833 rususque
1158 3751 1253 3816 neue

327 3872 360 3934 et
410 3885 468 3932 sex
519 3866 597 3932 aliis
646 3866 743 3949 locis,
800 3865 917 3947 quibus
963 3868 1011 3932 -ei
1060 3867 1175 3947 pedem
1230 3865 1355 3931 senarii
1405 3866 1552 3948 supplet,

326 3973 412 4040 banc
455 3973 720 4041 terminationem
756 3975 883 4040 duabus
921 3973 1061 4058 syllabis
1104 3979 1254 4040 constare
1294 3979 1444 4056 apertum
1484 3981 1552 4040 est:

329 4101 538 4110 -——--.--—-

418 4169 437 4238 ¹)
456 4161 639 4224 Sniehotte
658 4169 675 4222 l.
689 4185 711 4226 0.
730 4185 756 4238 p.
770 4170 803 4222 21
815 4185 853 4236 sq.
875 4200 906 4208 -
926 4168 1015 4224 Neue
1033 4167 1071 4222 1⁸
1089 4183 1114 4236 p.
1129 4168 1247 4236 dddsqq.

416 4257 637 4328 ¹)Sniehotta
661 4258 713 4315 l.e.
738 4274 764 4326 p.
778 4259 859 4324 aare.
891 4289 923 4296 —
956 4257 1264 4325 Nene1⁸p455m
1298 4287 1331 4296 —
1363 4257 1477 4314 Koene
1501 4259 1552 4316 le.

325 4347 407 4414 pas.
434 4378 467 4386 —
495 4348 649 4402 Bednera
672 4348 764 4416 p.3i›6
783 4347 847 4416 (44).
868 4377 901 4386 -
922 4347 1125 4401 Leimeister
1145 4347 1162 4402 l.
1176 4363 1198 4401 c.
1217 4363 1243 4415 p.
1257 4347 1300 4402 27.

416 4436 438 4507 ⁸)
457 4437 490 4491 In
507 4437 560 4491 hoc
578 4453 660 4492 versu
678 4437 760 4492 huius
779 4438 906 4522 genetivi,
919 4451 1047 4491 mensura
1067 4441 1110 4490 est
1128 4439 1205 4504 epioe
1223 4435 1374 4507 (Κηφῆος).·

751 4527 846 4597 ripula
868 4525 979 4594 debeds
997 4527 1111 4596 oesdpia

327 4595 361 4652 01.
381 4595 469 4653 Neue
493 4597 507 4650 1
525 4613 551 4666 p.
563 4597 625 4652 300.
744 4643 747 4649 .
1162 4641 1164 4648 .
