<?xml version="1.0" encoding="UTF-8"?>
<!DOCTYPE html PUBLIC "-//W3C//DTD XHTML 1.0 Transitional//EN"
    "http://www.w3.org/TR/xhtml1/DTD/xhtml1-transitional.dtd">
<html xmlns="http://www.w3.org/1999/xhtml" xml:lang="en" lang="en">
 <head>
  <title>
</title>
<meta http-equiv="Content-Type" content="text/html;charset=utf-8" />
  <meta name='ocr-system' content='tesseract 3.04.00' />
  <meta name='ocr-capabilities' content='ocr_page ocr_carea ocr_par ocr_line ocrx_word'/>
</head>
<body>
  <div class='ocr_page' id='page_1' title='image "./deviatqueindole00cohngoog_0155.png"; bbox 0 0 3496 5310; ppageno 0'>
   <div class='ocr_carea' id='block_1_1' title="bbox 334 409 1574 1786">
    <p class='ocr_par' dir='ltr' id='par_1_1' title="bbox 334 409 1574 1786">
     <span class='ocr_line' id='line_1_1' title="bbox 933 409 980 478; baseline 0 0"><span class='ocrx_word' id='word_1_1' title='bbox 933 409 980 478; x_wconf 78' lang='lat' dir='ltr'>to</span> 
     </span>
     <span class='ocr_line' id='line_1_2' title="bbox 339 623 1572 712; baseline 0.006 -23"><span class='ocrx_word' id='word_1_2' title='bbox 339 623 463 691; x_wconf 78' lang='lat' dir='ltr'>heroici</span> <span class='ocrx_word' id='word_1_3' title='bbox 487 643 559 690; x_wconf 89' lang='lat' dir='ltr'>cum</span> <span class='ocrx_word' id='word_1_4' title='bbox 584 641 689 706; x_wconf 84' lang='lat' dir='ltr'>neque</span> <span class='ocrx_word' id='word_1_5' title='bbox 714 624 888 691; x_wconf 85' lang='lat' dir='ltr'>Lucretius</span> <span class='ocrx_word' id='word_1_6' title='bbox 919 625 984 710; x_wconf 88' lang='lat' dir='ltr'>(ci.</span> <span class='ocrx_word' id='word_1_7' title='bbox 1010 624 1305 712; x_wconf 63' lang='lat' dir='ltr'>commotusque</span> <span class='ocrx_word' id='word_1_8' title='bbox 1328 627 1476 696; x_wconf 86' lang='lat' dir='ltr'>Oatnllns</span> <span class='ocrx_word' id='word_1_9' title='bbox 1507 629 1572 712; x_wconf 88' lang='lat' dir='ltr'>(ci.</span> 
     </span>
     <span class='ocr_line' id='line_1_3' title="bbox 344 731 1574 819; baseline 0.002 -20"><span class='ocrx_word' id='word_1_10' title='bbox 344 731 465 819; x_wconf 70' lang='lat' dir='ltr'>opum)</span> <span class='ocrx_word' id='word_1_11' title='bbox 482 748 588 814; x_wconf 85' lang='lat' dir='ltr'>neque</span> <span class='ocrx_word' id='word_1_12' title='bbox 604 731 777 815; x_wconf 87' lang='lat' dir='ltr'>qnisquam</span> <span class='ocrx_word' id='word_1_13' title='bbox 793 737 979 798; x_wconf 90' lang='lat' dir='ltr'>ceterorum</span> <span class='ocrx_word' id='word_1_14' title='bbox 996 732 1141 816; x_wconf 85' lang='lat' dir='ltr'>effugere</span> <span class='ocrx_word' id='word_1_15' title='bbox 1164 739 1287 818; x_wconf 86' lang='lat' dir='ltr'>posset,</span> <span class='ocrx_word' id='word_1_16' title='bbox 1312 753 1424 803; x_wconf 88' lang='lat' dir='ltr'>omnes</span> <span class='ocrx_word' id='word_1_17' title='bbox 1439 736 1574 802; x_wconf 83' lang='lat' dir='ltr'>Graeca</span> 
     </span>
     <span class='ocr_line' id='line_1_4' title="bbox 341 837 1573 924; baseline 0.002 -19"><span class='ocrx_word' id='word_1_18' title='bbox 341 845 527 906; x_wconf 87' lang='lat' dir='ltr'>servarunt.</span> <span class='ocrx_word' id='word_1_19' title='bbox 574 837 730 905; x_wconf 88' lang='lat' dir='ltr'>nonnulla</span> <span class='ocrx_word' id='word_1_20' title='bbox 761 845 889 904; x_wconf 89' lang='lat' dir='ltr'>tantum</span> <span class='ocrx_word' id='word_1_21' title='bbox 921 839 1053 906; x_wconf 89' lang='lat' dir='ltr'>nomina</span> <span class='ocrx_word' id='word_1_22' title='bbox 1077 841 1165 921; x_wconf 86' lang='lat' dir='ltr'>apud</span> <span class='ocrx_word' id='word_1_23' title='bbox 1188 840 1372 924; x_wconf 70' lang='lat' dir='ltr'>Vergilium</span> <span class='ocrx_word' id='word_1_24' title='bbox 1396 848 1430 907; x_wconf 90' lang='lat' dir='ltr'>et</span> <span class='ocrx_word' id='word_1_25' title='bbox 1454 848 1573 924; x_wconf 86' lang='lat' dir='ltr'>poetas</span> 
     </span>
     <span class='ocr_line' id='line_1_5' title="bbox 342 933 1573 1032; baseline 0.003 -20"><span class='ocrx_word' id='word_1_26' title='bbox 342 947 398 1030; x_wconf 89' lang='lat' dir='ltr'>qui</span> <span class='ocrx_word' id='word_1_27' title='bbox 427 965 500 1012; x_wconf 87' lang='lat' dir='ltr'>enm</span> <span class='ocrx_word' id='word_1_28' title='bbox 514 949 638 1012; x_wconf 66' lang='lat' dir='ltr'>‘aetate</span> <span class='ocrx_word' id='word_1_29' title='bbox 669 947 775 1011; x_wconf 86' lang='lat' dir='ltr'>secuti</span> <span class='ocrx_word' id='word_1_30' title='bbox 804 951 881 1012; x_wconf 90' lang='lat' dir='ltr'>sunt</span> <span class='ocrx_word' id='word_1_31' title='bbox 905 933 1074 1013; x_wconf 85' lang='lat' dir='ltr'>exstantia</span> <span class='ocrx_word' id='word_1_32' title='bbox 1098 946 1293 1030; x_wconf 82' lang='lat' dir='ltr'>afferentur,</span> <span class='ocrx_word' id='word_1_33' title='bbox 1326 963 1398 1031; x_wconf 83' lang='lat' dir='ltr'>quo</span> <span class='ocrx_word' id='word_1_34' title='bbox 1421 949 1573 1032; x_wconf 80' lang='lat' dir='ltr'>apertius</span> 
     </span>
     <span class='ocr_line' id='line_1_6' title="bbox 339 1051 1574 1135; baseline 0.004 -16"><span class='ocrx_word' id='word_1_35' title='bbox 339 1052 409 1135; x_wconf 87' lang='lat' dir='ltr'>flat,</span> <span class='ocrx_word' id='word_1_36' title='bbox 434 1058 591 1134; x_wconf 86' lang='lat' dir='ltr'>qnantum</span> <span class='ocrx_word' id='word_1_37' title='bbox 614 1070 782 1118; x_wconf 85' lang='lat' dir='ltr'>numerum</span> <span class='ocrx_word' id='word_1_38' title='bbox 807 1051 988 1119; x_wconf 82' lang='lat' dir='ltr'>formarum</span> <span class='ocrx_word' id='word_1_39' title='bbox 1004 1053 1207 1121; x_wconf 84' lang='lat' dir='ltr'>Graecarum</span> <span class='ocrx_word' id='word_1_40' title='bbox 1225 1060 1331 1121; x_wconf 89' lang='lat' dir='ltr'>tntum</span> <span class='ocrx_word' id='word_1_41' title='bbox 1348 1075 1369 1122; x_wconf 87' lang='lat' dir='ltr'>a</span> <span class='ocrx_word' id='word_1_42' title='bbox 1388 1057 1574 1124; x_wconf 76' lang='lat' dir='ltr'>mutatione</span> 
     </span>
     <span class='ocr_line' id='line_1_7' title="bbox 341 1158 1572 1244; baseline 0.002 -17"><span class='ocrx_word' id='word_1_43' title='bbox 341 1180 361 1227; x_wconf 88' lang='lat' dir='ltr'>a</span> <span class='ocrx_word' id='word_1_44' title='bbox 393 1159 500 1241; x_wconf 91' lang='lat' dir='ltr'>poetis</span> <span class='ocrx_word' id='word_1_45' title='bbox 531 1158 634 1242; x_wconf 84' lang='lat' dir='ltr'>recipi</span> <span class='ocrx_word' id='word_1_46' title='bbox 668 1159 862 1240; x_wconf 81' lang='lat' dir='ltr'>oportuerit.</span> <span class='ocrx_word' id='word_1_47' title='bbox 915 1159 1122 1244; x_wconf 77' lang='lat' dir='ltr'>Vergili-us</span> <span class='ocrx_word' id='word_1_48' title='bbox 1152 1161 1256 1244; x_wconf 89' lang='lat' dir='ltr'>igitur</span> <span class='ocrx_word' id='word_1_49' title='bbox 1289 1161 1474 1229; x_wconf 81' lang='lat' dir='ltr'>reformare</span> <span class='ocrx_word' id='word_1_50' title='bbox 1506 1183 1572 1230; x_wconf 89' lang='lat' dir='ltr'>non</span> 
     </span>
     <span class='ocr_line' id='line_1_8' title="bbox 339 1263 1573 1354; baseline 0.006 -23"><span class='ocrx_word' id='word_1_51' title='bbox 339 1265 448 1349; x_wconf 92' lang='lat' dir='ltr'>potnit</span> <span class='ocrx_word' id='word_1_52' title='bbox 481 1263 698 1334; x_wconf 68' lang='lat' dir='ltr'>Andromacho</span> <span class='ocrx_word' id='word_1_53' title='bbox 732 1265 833 1334; x_wconf 85' lang='lat' dir='ltr'>Beroe</span> <span class='ocrx_word' id='word_1_54' title='bbox 870 1266 1010 1350; x_wconf 77' lang='lat' dir='ltr'>Calliope</span> <span class='ocrx_word' id='word_1_55' title='bbox 1046 1267 1164 1352; x_wconf 69' lang='lat' dir='ltr'>Calybe</span> <span class='ocrx_word' id='word_1_56' title='bbox 1199 1267 1369 1352; x_wconf 74' lang='lat' dir='ltr'>Cymodoce</span> <span class='ocrx_word' id='word_1_57' title='bbox 1405 1269 1573 1354; x_wconf 63' lang='lat' dir='ltr'>monitos</span> 
     </span>
     <span class='ocr_line' id='line_1_9' title="bbox 339 1373 1572 1458; baseline 0.003 -18"><span class='ocrx_word' id='word_1_58' title='bbox 339 1373 457 1441; x_wconf 83' lang='lat' dir='ltr'>Doooc</span> <span class='ocrx_word' id='word_1_59' title='bbox 485 1374 645 1458; x_wconf 77' lang='lat' dir='ltr'>Deiphobo</span> <span class='ocrx_word' id='word_1_60' title='bbox 673 1373 804 1458; x_wconf 71' lang='lat' dir='ltr'>Dryope</span> <span class='ocrx_word' id='word_1_61' title='bbox 833 1373 1017 1458; x_wconf 72' lang='lat' dir='ltr'>Harpalyce</span> <span class='ocrx_word' id='word_1_62' title='bbox 1046 1374 1163 1442; x_wconf 85' lang='lat' dir='ltr'>Hccotc</span> <span class='ocrx_word' id='word_1_63' title='bbox 1185 1376 1329 1443; x_wconf 78' lang='lat' dir='ltr'>Iaaot&#39;mc</span> <span class='ocrx_word' id='word_1_64' title='bbox 1350 1377 1460 1444; x_wconf 78' lang='lat' dir='ltr'>Melite</span> <span class='ocrx_word' id='word_1_65' title='bbox 1486 1379 1572 1445; x_wconf 79' lang='lat' dir='ltr'>Tisi-</span> 
     </span>
     <span class='ocr_line' id='line_1_10' title="bbox 334 1481 1570 1568; baseline 0.002 -20"><span class='ocrx_word' id='word_1_66' title='bbox 334 1482 438 1565; x_wconf 79' lang='lat' dir='ltr'>plone</span> <span class='ocrx_word' id='word_1_67' title='bbox 460 1481 622 1565; x_wconf 76' lang='lat' dir='ltr'>Pasiphae</span> <span class='ocrx_word' id='word_1_68' title='bbox 643 1481 761 1548; x_wconf 78' lang='lat' dir='ltr'>Pholoe</span> <span class='ocrx_word' id='word_1_69' title='bbox 783 1481 914 1566; x_wconf 79' lang='lat' dir='ltr'>Ephyre</span> <span class='ocrx_word' id='word_1_70' title='bbox 931 1482 1091 1568; x_wconf 69' lang='lat' dir='ltr'>Eurydice</span> <span class='ocrx_word' id='word_1_71' title='bbox 1105 1482 1306 1568; x_wconf 80' lang='lat' dir='ltr'>Hippodamo</span> <span class='ocrx_word' id='word_1_72' title='bbox 1321 1484 1470 1568; x_wconf 76' lang='lat' dir='ltr'>Rhodope</span> <span class='ocrx_word' id='word_1_73' title='bbox 1492 1485 1570 1551; x_wconf 86' lang='lat' dir='ltr'>alia.</span> 
     </span>
     <span class='ocr_line' id='line_1_11' title="bbox 339 1588 1571 1674; baseline 0.005 -20"><span class='ocrx_word' id='word_1_74' title='bbox 339 1590 373 1654; x_wconf 93' lang='lat' dir='ltr'>in</span> <span class='ocrx_word' id='word_1_75' title='bbox 401 1588 443 1654; x_wconf 91' lang='lat' dir='ltr'>ils</span> <span class='ocrx_word' id='word_1_76' title='bbox 473 1589 655 1655; x_wconf 88' lang='lat' dir='ltr'>nominibus</span> <span class='ocrx_word' id='word_1_77' title='bbox 686 1608 820 1671; x_wconf 89' lang='lat' dir='ltr'>quornm</span> <span class='ocrx_word' id='word_1_78' title='bbox 850 1589 980 1656; x_wconf 82' lang='lat' dir='ltr'>Graeca</span> <span class='ocrx_word' id='word_1_79' title='bbox 1011 1591 1202 1656; x_wconf 87' lang='lat' dir='ltr'>terminatio</span> <span class='ocrx_word' id='word_1_80' title='bbox 1226 1597 1364 1674; x_wconf 88' lang='lat' dir='ltr'>propter</span> <span class='ocrx_word' id='word_1_81' title='bbox 1385 1591 1462 1658; x_wconf 84' lang='lat' dir='ltr'>illas</span> <span class='ocrx_word' id='word_1_82' title='bbox 1488 1611 1571 1674; x_wconf 87' lang='lat' dir='ltr'>quas</span> 
     </span>
     <span class='ocr_line' id='line_1_12' title="bbox 340 1696 1571 1786; baseline 0.003 -24"><span class='ocrx_word' id='word_1_83' title='bbox 340 1696 508 1764; x_wconf 85' lang='lat' dir='ltr'>nominavi</span> <span class='ocrx_word' id='word_1_84' title='bbox 527 1783 529 1786; x_wconf 15' lang='grc' dir='ltr'>Ι</span> <span class='ocrx_word' id='word_1_85' title='bbox 545 1713 664 1763; x_wconf 88' lang='lat' dir='ltr'>causas</span> <span class='ocrx_word' id='word_1_86' title='bbox 693 1696 884 1763; x_wconf 86' lang='lat' dir='ltr'>necessaria</span> <span class='ocrx_word' id='word_1_87' title='bbox 915 1715 979 1763; x_wconf 91' lang='lat' dir='ltr'>uon</span> <span class='ocrx_word' id='word_1_88' title='bbox 1012 1703 1100 1782; x_wconf 88' lang='lat' dir='ltr'>erat,</span> <span class='ocrx_word' id='word_1_89' title='bbox 1132 1698 1252 1780; x_wconf 88' lang='lat' dir='ltr'>partim</span> <span class='ocrx_word' id='word_1_90' title='bbox 1282 1698 1436 1765; x_wconf 86' lang='lat' dir='ltr'>Latinam</span> <span class='ocrx_word' id='word_1_91' title='bbox 1468 1701 1571 1766; x_wconf 88' lang='lat' dir='ltr'>decli·</span> 
     </span>
    </p>
   </div>
   <div class='ocr_carea' id='block_1_2' title="bbox 228 1803 1571 1892">
    <p class='ocr_par' dir='ltr' id='par_1_2' title="bbox 228 1803 1571 1892">
     <span class='ocr_line' id='line_1_13' title="bbox 228 1803 1571 1892; baseline 0.003 -22"><span class='ocrx_word' id='word_1_92' title='bbox 228 1876 231 1880; x_wconf 62' lang='grc'><strong>,</strong></span> <span class='ocrx_word' id='word_1_93' title='bbox 340 1803 506 1871; x_wconf 70' lang='lat' dir='ltr'>nunonem</span> <span class='ocrx_word' id='word_1_94' title='bbox 531 1803 693 1887; x_wconf 83' lang='lat' dir='ltr'>adhibuit,</span> <span class='ocrx_word' id='word_1_95' title='bbox 726 1809 764 1870; x_wconf 90' lang='lat' dir='ltr'>nt</span> <span class='ocrx_word' id='word_1_96' title='bbox 788 1804 821 1869; x_wconf 91' lang='lat' dir='ltr'>in</span> <span class='ocrx_word' id='word_1_97' title='bbox 845 1804 981 1888; x_wconf 80' lang='lat' dir='ltr'>Europa</span> <span class='ocrx_word' id='word_1_98' title='bbox 1002 1805 1105 1872; x_wconf 80' lang='lat' dir='ltr'>Aetoo</span> <span class='ocrx_word' id='word_1_99' title='bbox 1128 1805 1225 1873; x_wconf 78' lang='lat' dir='ltr'>Orata</span> <span class='ocrx_word' id='word_1_100' title='bbox 1247 1806 1415 1892; x_wconf 76' lang='lat' dir='ltr'>Prochyta,</span> <span class='ocrx_word' id='word_1_101' title='bbox 1449 1808 1571 1890; x_wconf 90' lang='lat' dir='ltr'>partim</span> 
     </span>
    </p>
   </div>
   <div class='ocr_carea' id='block_1_3' title="bbox 338 1911 1571 4680">
    <p class='ocr_par' dir='ltr' id='par_1_3' title="bbox 339 1911 1571 2104">
     <span class='ocr_line' id='line_1_14' title="bbox 340 1911 1571 1996; baseline 0.002 -17"><span class='ocrx_word' id='word_1_102' title='bbox 340 1911 495 1996; x_wconf 83' lang='lat' dir='ltr'>analogia</span> <span class='ocrx_word' id='word_1_103' title='bbox 519 1913 680 1978; x_wconf 85' lang='lat' dir='ltr'>adductus</span> <span class='ocrx_word' id='word_1_104' title='bbox 705 1916 766 1995; x_wconf 87' lang='lat' dir='ltr'>est,</span> <span class='ocrx_word' id='word_1_105' title='bbox 791 1916 828 1978; x_wconf 93' lang='lat' dir='ltr'>nt</span> <span class='ocrx_word' id='word_1_106' title='bbox 852 1913 935 1978; x_wconf 89' lang='lat' dir='ltr'>haec</span> <span class='ocrx_word' id='word_1_107' title='bbox 958 1931 1085 1994; x_wconf 87' lang='lat' dir='ltr'>quoque</span> <span class='ocrx_word' id='word_1_108' title='bbox 1108 1914 1241 1979; x_wconf 91' lang='lat' dir='ltr'>nomina</span> <span class='ocrx_word' id='word_1_109' title='bbox 1262 1915 1465 1982; x_wconf 82' lang='lat' dir='ltr'>Graecorum</span> <span class='ocrx_word' id='word_1_110' title='bbox 1481 1933 1571 1982; x_wconf 86' lang='lat' dir='ltr'>more</span> 
     </span>
     <span class='ocr_line' id='line_1_15' title="bbox 339 2019 1449 2104; baseline 0.001 -17"><span class='ocrx_word' id='word_1_111' title='bbox 339 2043 355 2087; x_wconf 88' lang='lat' dir='ltr'>o</span> <span class='ocrx_word' id='word_1_112' title='bbox 377 2021 487 2088; x_wconf 85' lang='lat' dir='ltr'>vocali</span> <span class='ocrx_word' id='word_1_113' title='bbox 510 2019 622 2086; x_wconf 86' lang='lat' dir='ltr'>finiret</span> <span class='ocrx_word' id='word_1_114' title='bbox 644 2019 737 2087; x_wconf 84' lang='lat' dir='ltr'>velut</span> <span class='ocrx_word' id='word_1_115' title='bbox 762 2019 854 2104; x_wconf 73' lang='lat' dir='ltr'>Aeolo</span> <span class='ocrx_word' id='word_1_116' title='bbox 876 2021 1040 2104; x_wconf 74' lang='lat' dir='ltr'>Apoaippe</span> <span class='ocrx_word' id='word_1_117' title='bbox 1065 2019 1184 2104; x_wconf 67' lang='lat' dir='ltr'>Ocreae</span> <span class='ocrx_word' id='word_1_118' title='bbox 1205 2020 1327 2088; x_wconf 80' lang='lat' dir='ltr'>Procne</span> <span class='ocrx_word' id='word_1_119' title='bbox 1352 2020 1449 2089; x_wconf 72' lang='lat' dir='ltr'>raro.</span> 
     </span>
    </p>

    <p class='ocr_par' dir='ltr' id='par_1_4' title="bbox 339 2125 1571 2623">
     <span class='ocr_line' id='line_1_16' title="bbox 429 2125 1571 2212; baseline 0.004 -20"><span class='ocrx_word' id='word_1_120' title='bbox 429 2125 611 2212; x_wconf 81' lang='lat' dir='ltr'>Vergilium</span> <span class='ocrx_word' id='word_1_121' title='bbox 635 2145 707 2193; x_wconf 91' lang='lat' dir='ltr'>cum</span> <span class='ocrx_word' id='word_1_122' title='bbox 732 2145 843 2193; x_wconf 91' lang='lat' dir='ltr'>omnes</span> <span class='ocrx_word' id='word_1_123' title='bbox 867 2134 986 2208; x_wconf 86' lang='lat' dir='ltr'>poetae</span> <span class='ocrx_word' id='word_1_124' title='bbox 1013 2127 1258 2212; x_wconf 76' lang='lat' dir='ltr'>imitarentur,</span> <span class='ocrx_word' id='word_1_125' title='bbox 1272 2129 1459 2211; x_wconf 87' lang='lat' dir='ltr'>permultae</span> <span class='ocrx_word' id='word_1_126' title='bbox 1489 2129 1571 2196; x_wconf 86' lang='lat' dir='ltr'>illae</span> 
     </span>
     <span class='ocr_line' id='line_1_17' title="bbox 339 2233 1571 2320; baseline 0.002 -20"><span class='ocrx_word' id='word_1_127' title='bbox 339 2235 467 2300; x_wconf 83' lang='lat' dir='ltr'>formae</span> <span class='ocrx_word' id='word_1_128' title='bbox 491 2233 641 2301; x_wconf 80' lang='lat' dir='ltr'>Graecae</span> <span class='ocrx_word' id='word_1_129' title='bbox 672 2240 749 2300; x_wconf 90' lang='lat' dir='ltr'>sunt</span> <span class='ocrx_word' id='word_1_130' title='bbox 779 2239 872 2300; x_wconf 87' lang='lat' dir='ltr'>ortae</span> <span class='ocrx_word' id='word_1_131' title='bbox 903 2251 986 2316; x_wconf 88' lang='lat' dir='ltr'>qnae</span> <span class='ocrx_word' id='word_1_132' title='bbox 1015 2234 1048 2300; x_wconf 89' lang='lat' dir='ltr'>in</span> <span class='ocrx_word' id='word_1_133' title='bbox 1073 2235 1222 2301; x_wconf 80' lang='lat' dir='ltr'>Tibulli</span> <span class='ocrx_word' id='word_1_134' title='bbox 1250 2235 1381 2320; x_wconf 71' lang='lat' dir='ltr'>elegiiS,</span> <span class='ocrx_word' id='word_1_135' title='bbox 1412 2235 1446 2303; x_wconf 90' lang='lat' dir='ltr'>in</span> <span class='ocrx_word' id='word_1_136' title='bbox 1471 2237 1571 2303; x_wconf 88' lang='lat' dir='ltr'>Pro-</span> 
     </span>
     <span class='ocr_line' id='line_1_18' title="bbox 339 2341 1571 2425; baseline 0.002 -17"><span class='ocrx_word' id='word_1_137' title='bbox 339 2343 445 2424; x_wconf 90' lang='lat' dir='ltr'>perti</span> <span class='ocrx_word' id='word_1_138' title='bbox 474 2342 642 2408; x_wconf 89' lang='lat' dir='ltr'>libris-</span> <span class='ocrx_word' id='word_1_139' title='bbox 672 2341 942 2424; x_wconf 79' lang='lat' dir='ltr'>quadraginta</span> <span class='ocrx_word' id='word_1_140' title='bbox 972 2347 1162 2425; x_wconf 86' lang='lat' dir='ltr'>quattuor</span> <span class='ocrx_word' id='word_1_141' title='bbox 1192 2343 1273 2409; x_wconf 89' lang='lat' dir='ltr'>locis</span> <span class='ocrx_word' id='word_1_142' title='bbox 1305 2379 1348 2391; x_wconf 88' lang='lat'>—</span> <span class='ocrx_word' id='word_1_143' title='bbox 1385 2344 1419 2409; x_wconf 94' lang='lat' dir='ltr'>in</span> <span class='ocrx_word' id='word_1_144' title='bbox 1450 2343 1571 2411; x_wconf 88' lang='lat' dir='ltr'>Ovidi</span> 
     </span>
     <span class='ocr_line' id='line_1_19' title="bbox 339 2448 1569 2532; baseline 0.003 -18"><span class='ocrx_word' id='word_1_145' title='bbox 339 2449 644 2532; x_wconf 83' lang='lat' dir='ltr'>metamorphoseon</span> <span class='ocrx_word' id='word_1_146' title='bbox 668 2448 819 2514; x_wconf 83' lang='lat' dir='ltr'>versibus</span> <span class='ocrx_word' id='word_1_147' title='bbox 851 2485 893 2495; x_wconf 97' lang='lat'><strong>—</strong></span> <span class='ocrx_word' id='word_1_148' title='bbox 924 2454 1076 2514; x_wconf 90' lang='lat' dir='ltr'>centnm</span> <span class='ocrx_word' id='word_1_149' title='bbox 1100 2448 1248 2532; x_wconf 86' lang='lat' dir='ltr'>viginti</span> <span class='ocrx_word' id='word_1_150' title='bbox 1272 2455 1464 2532; x_wconf 83' lang='lat' dir='ltr'>quattuor</span> <span class='ocrx_word' id='word_1_151' title='bbox 1487 2451 1569 2518; x_wconf 84' lang='lat' dir='ltr'>locis</span> 
     </span>
     <span class='ocr_line' id='line_1_20' title="bbox 340 2554 715 2623; baseline 0.003 -1"><span class='ocrx_word' id='word_1_152' title='bbox 340 2593 383 2604; x_wconf 93' lang='lat'>—-</span> <span class='ocrx_word' id='word_1_153' title='bbox 406 2554 502 2622; x_wconf 91' lang='lat' dir='ltr'>nobis</span> <span class='ocrx_word' id='word_1_154' title='bbox 527 2561 715 2623; x_wconf 89' lang='lat' dir='ltr'>occurrunt.</span> 
     </span>
    </p>

    <p class='ocr_par' dir='ltr' id='par_1_5' title="bbox 338 2662 1570 4450">
     <span class='ocr_line' id='line_1_21' title="bbox 429 2662 1570 2748; baseline 0.002 -19"><span class='ocrx_word' id='word_1_155' title='bbox 429 2664 460 2729; x_wconf 85' lang='lat'>3.</span> <span class='ocrx_word' id='word_1_156' title='bbox 498 2663 562 2730; x_wconf 88' lang='lat' dir='ltr'>Sed</span> <span class='ocrx_word' id='word_1_157' title='bbox 597 2669 733 2745; x_wconf 89' lang='lat' dir='ltr'>praeter</span> <span class='ocrx_word' id='word_1_158' title='bbox 767 2662 934 2729; x_wconf 88' lang='lat' dir='ltr'>elisionem</span> <span class='ocrx_word' id='word_1_159' title='bbox 974 2662 1072 2729; x_wconf 89' lang='lat' dir='ltr'>aliam</span> <span class='ocrx_word' id='word_1_160' title='bbox 1110 2664 1218 2748; x_wconf 80' lang='lat' dir='ltr'>legem</span> <span class='ocrx_word' id='word_1_161' title='bbox 1257 2663 1389 2748; x_wconf 79' lang='lat' dir='ltr'>liuguae</span> <span class='ocrx_word' id='word_1_162' title='bbox 1424 2663 1570 2732; x_wconf 80' lang='lat' dir='ltr'>Latinae</span> 
     </span>
     <span class='ocr_line' id='line_1_22' title="bbox 338 2768 1570 2854; baseline 0.002 -17"><span class='ocrx_word' id='word_1_163' title='bbox 338 2776 458 2853; x_wconf 88' lang='lat' dir='ltr'>poetae</span> <span class='ocrx_word' id='word_1_164' title='bbox 473 2771 612 2837; x_wconf 90' lang='lat' dir='ltr'>moleste</span> <span class='ocrx_word' id='word_1_165' title='bbox 629 2768 794 2836; x_wconf 87' lang='lat' dir='ltr'>ferebant.</span> <span class='ocrx_word' id='word_1_166' title='bbox 827 2770 992 2852; x_wconf 86' lang='lat' dir='ltr'>syllabam</span> <span class='ocrx_word' id='word_1_167' title='bbox 1009 2770 1141 2838; x_wconf 86' lang='lat' dir='ltr'>brevem</span> <span class='ocrx_word' id='word_1_168' title='bbox 1161 2789 1221 2854; x_wconf 88' lang='lat' dir='ltr'>por</span> <span class='ocrx_word' id='word_1_169' title='bbox 1244 2771 1325 2838; x_wconf 88' lang='lat' dir='ltr'>duas</span> <span class='ocrx_word' id='word_1_170' title='bbox 1349 2772 1570 2839; x_wconf 74' lang='lat' dir='ltr'>consonantes</span> 
     </span>
     <span class='ocr_line' id='line_1_23' title="bbox 339 2876 1570 2964; baseline 0.001 -20"><span class='ocrx_word' id='word_1_171' title='bbox 339 2897 424 2961; x_wconf 84' lang='lat' dir='ltr'>quae</span> <span class='ocrx_word' id='word_1_172' title='bbox 447 2879 670 2959; x_wconf 86' lang='lat' dir='ltr'>sequebantur</span> <span class='ocrx_word' id='word_1_173' title='bbox 699 2879 828 2962; x_wconf 85' lang='lat' dir='ltr'>longam</span> <span class='ocrx_word' id='word_1_174' title='bbox 859 2876 930 2943; x_wconf 85' lang='lat' dir='ltr'>lieri</span> <span class='ocrx_word' id='word_1_175' title='bbox 961 2878 1153 2964; x_wconf 89' lang='lat' dir='ltr'>oportebat,</span> <span class='ocrx_word' id='word_1_176' title='bbox 1182 2897 1248 2959; x_wconf 89' lang='lat' dir='ltr'>qna</span> <span class='ocrx_word' id='word_1_177' title='bbox 1271 2879 1344 2962; x_wconf 86' lang='lat' dir='ltr'>lego</span> <span class='ocrx_word' id='word_1_178' title='bbox 1368 2897 1441 2945; x_wconf 89' lang='lat' dir='ltr'>oum</span> <span class='ocrx_word' id='word_1_179' title='bbox 1464 2879 1570 2945; x_wconf 87' lang='lat' dir='ltr'>multa</span> 
     </span>
     <span class='ocr_line' id='line_1_24' title="bbox 339 2985 1569 3053; baseline 0 -1"><span class='ocrx_word' id='word_1_180' title='bbox 339 2986 448 3052; x_wconf 89' lang='lat' dir='ltr'>nomia</span> <span class='ocrx_word' id='word_1_181' title='bbox 471 2986 604 3053; x_wconf 87' lang='lat' dir='ltr'>Graeca</span> <span class='ocrx_word' id='word_1_182' title='bbox 632 2988 665 3051; x_wconf 92' lang='lat' dir='ltr'>in</span> <span class='ocrx_word' id='word_1_183' title='bbox 691 2985 845 3051; x_wconf 89' lang='lat' dir='ltr'>Latinum</span> <span class='ocrx_word' id='word_1_184' title='bbox 877 3003 1057 3051; x_wconf 89' lang='lat' dir='ltr'>sermonem</span> <span class='ocrx_word' id='word_1_185' title='bbox 1088 2987 1254 3052; x_wconf 85' lang='lat' dir='ltr'>translata</span> <span class='ocrx_word' id='word_1_186' title='bbox 1282 2985 1390 3052; x_wconf 85' lang='lat' dir='ltr'>rarius</span> <span class='ocrx_word' id='word_1_187' title='bbox 1416 2986 1569 3053; x_wconf 87' lang='lat' dir='ltr'>adhiberi</span> 
     </span>
     <span class='ocr_line' id='line_1_25' title="bbox 338 3092 1568 3176; baseline 0.001 -16"><span class='ocrx_word' id='word_1_188' title='bbox 338 3099 488 3176; x_wconf 79' lang='lat' dir='ltr'>possent,</span> <span class='ocrx_word' id='word_1_189' title='bbox 520 3099 638 3176; x_wconf 86' lang='lat' dir='ltr'>poetae</span> <span class='ocrx_word' id='word_1_190' title='bbox 663 3093 811 3161; x_wconf 79' lang='lat' dir='ltr'>Graecas</span> <span class='ocrx_word' id='word_1_191' title='bbox 841 3092 966 3159; x_wconf 87' lang='lat' dir='ltr'>formas</span> <span class='ocrx_word' id='word_1_192' title='bbox 997 3094 1039 3158; x_wconf 89' lang='lat' dir='ltr'>nd</span> <span class='ocrx_word' id='word_1_193' title='bbox 1062 3111 1192 3160; x_wconf 88' lang='lat' dir='ltr'>versum</span> <span class='ocrx_word' id='word_1_194' title='bbox 1218 3095 1351 3160; x_wconf 88' lang='lat' dir='ltr'>heroum</span> <span class='ocrx_word' id='word_1_195' title='bbox 1376 3093 1568 3176; x_wconf 87' lang='lat' dir='ltr'>aptissimus</span> 
     </span>
     <span class='ocr_line' id='line_1_26' title="bbox 340 3199 1569 3284; baseline 0.001 -18"><span class='ocrx_word' id='word_1_196' title='bbox 340 3201 486 3267; x_wconf 88' lang='lat' dir='ltr'>retinere</span> <span class='ocrx_word' id='word_1_197' title='bbox 517 3201 713 3269; x_wconf 89' lang='lat' dir='ltr'>maluerunt.</span> <span class='ocrx_word' id='word_1_198' title='bbox 760 3200 891 3283; x_wconf 80' lang='lat' dir='ltr'>insigne</span> <span class='ocrx_word' id='word_1_199' title='bbox 921 3199 1015 3266; x_wconf 87' lang='lat' dir='ltr'>huius</span> <span class='ocrx_word' id='word_1_200' title='bbox 1046 3199 1095 3266; x_wconf 85' lang='lat' dir='ltr'>rei</span> <span class='ocrx_word' id='word_1_201' title='bbox 1127 3200 1309 3282; x_wconf 86' lang='lat' dir='ltr'>exemplum</span> <span class='ocrx_word' id='word_1_202' title='bbox 1342 3200 1475 3267; x_wconf 89' lang='lat' dir='ltr'>nomina</span> <span class='ocrx_word' id='word_1_203' title='bbox 1508 3220 1569 3284; x_wconf 90' lang='lat' dir='ltr'>per</span> 
     </span>
     <span class='ocr_line' id='line_1_27' title="bbox 339 3307 1569 3396; baseline 0 -20"><span class='ocrx_word' id='word_1_204' title='bbox 339 3329 409 3376; x_wconf 82' lang='lat' dir='ltr'>-oaa</span> <span class='ocrx_word' id='word_1_205' title='bbox 448 3309 609 3396; x_wconf 77' lang='lat' dir='ltr'>syllabam</span> <span class='ocrx_word' id='word_1_206' title='bbox 648 3307 827 3375; x_wconf 86' lang='lat' dir='ltr'>terminata</span> <span class='ocrx_word' id='word_1_207' title='bbox 865 3309 1040 3392; x_wconf 89' lang='lat' dir='ltr'>praebent,</span> <span class='ocrx_word' id='word_1_208' title='bbox 1083 3309 1116 3374; x_wconf 91' lang='lat' dir='ltr'>in</span> <span class='ocrx_word' id='word_1_209' title='bbox 1156 3308 1284 3390; x_wconf 83' lang='lat' dir='ltr'>quibus·</span> <span class='ocrx_word' id='word_1_210' title='bbox 1313 3308 1461 3390; x_wconf 81' lang='lat' dir='ltr'>syllabae</span> <span class='ocrx_word' id='word_1_211' title='bbox 1498 3331 1569 3376; x_wconf 81' lang='lat' dir='ltr'>-eus</span> 
     </span>
     <span class='ocr_line' id='line_1_28' title="bbox 340 3415 1570 3501; baseline 0 -18"><span class='ocrx_word' id='word_1_212' title='bbox 340 3417 531 3501; x_wconf 87' lang='lat' dir='ltr'>plerumque</span> <span class='ocrx_word' id='word_1_213' title='bbox 560 3415 685 3484; x_wconf 85' lang='lat' dir='ltr'>vocalis</span> <span class='ocrx_word' id='word_1_214' title='bbox 716 3417 816 3498; x_wconf 83' lang='lat' dir='ltr'>longa</span> <span class='ocrx_word' id='word_1_215' title='bbox 847 3415 967 3495; x_wconf 86' lang='lat' dir='ltr'>anteit,</span> <span class='ocrx_word' id='word_1_216' title='bbox 1000 3421 1038 3481; x_wconf 91' lang='lat' dir='ltr'>ut</span> <span class='ocrx_word' id='word_1_217' title='bbox 1065 3415 1099 3486; x_wconf 90' lang='lat' dir='ltr'>in</span> <span class='ocrx_word' id='word_1_218' title='bbox 1127 3417 1262 3483; x_wconf 79' lang='lat' dir='ltr'>Perseos</span> <span class='ocrx_word' id='word_1_219' title='bbox 1291 3415 1429 3498; x_wconf 78' lang='lat' dir='ltr'>Cepheus</span> <span class='ocrx_word' id='word_1_220' title='bbox 1454 3415 1570 3483; x_wconf 80' lang='lat' dir='ltr'>Peleos</span> 
     </span>
     <span class='ocr_line' id='line_1_29' title="bbox 343 3523 1568 3610; baseline 0 -22"><span class='ocrx_word' id='word_1_221' title='bbox 343 3525 479 3592; x_wconf 79' lang='lat' dir='ltr'>Theseus</span> <span class='ocrx_word' id='word_1_222' title='bbox 508 3523 629 3610; x_wconf 76' lang='lat' dir='ltr'>Aopous</span> <span class='ocrx_word' id='word_1_223' title='bbox 659 3523 860 3590; x_wconf 77' lang='lat' dir='ltr'>Promolooo</span> <span class='ocrx_word' id='word_1_224' title='bbox 890 3523 1074 3590; x_wconf 75' lang='lat' dir='ltr'>Mnestheus</span> <span class='ocrx_word' id='word_1_225' title='bbox 1104 3523 1227 3589; x_wconf 75' lang='lat' dir='ltr'>Nerones</span> <span class='ocrx_word' id='word_1_226' title='bbox 1257 3523 1399 3607; x_wconf 76' lang='lat' dir='ltr'>Plocycus</span> <span class='ocrx_word' id='word_1_227' title='bbox 1422 3523 1568 3590; x_wconf 75' lang='lat' dir='ltr'>Proteos.</span> 
     </span>
     <span class='ocr_line' id='line_1_30' title="bbox 340 3629 1569 3714; baseline -0.002 -16"><span class='ocrx_word' id='word_1_228' title='bbox 340 3649 424 3714; x_wconf 89' lang='lat' dir='ltr'>qnae</span> <span class='ocrx_word' id='word_1_229' title='bbox 447 3631 580 3698; x_wconf 89' lang='lat' dir='ltr'>nomina</span> <span class='ocrx_word' id='word_1_230' title='bbox 604 3630 633 3696; x_wconf 85' lang='lat' dir='ltr'>si</span> <span class='ocrx_word' id='word_1_231' title='bbox 656 3635 775 3712; x_wconf 88' lang='lat' dir='ltr'>poetae</span> <span class='ocrx_word' id='word_1_232' title='bbox 799 3629 905 3696; x_wconf 87' lang='lat' dir='ltr'>latine</span> <span class='ocrx_word' id='word_1_233' title='bbox 934 3629 1148 3711; x_wconf 89' lang='lat' dir='ltr'>pronuntiare</span> <span class='ocrx_word' id='word_1_234' title='bbox 1179 3629 1374 3713; x_wconf 86' lang='lat' dir='ltr'>voluissent,</span> <span class='ocrx_word' id='word_1_235' title='bbox 1406 3629 1569 3712; x_wconf 86' lang='lat' dir='ltr'>syllabam</span> 
     </span>
     <span class='ocr_line' id='line_1_31' title="bbox 340 3736 1569 3821; baseline -0.001 -16"><span class='ocrx_word' id='word_1_236' title='bbox 340 3757 425 3821; x_wconf 83' lang='lat' dir='ltr'>qnae</span> <span class='ocrx_word' id='word_1_237' title='bbox 449 3758 469 3804; x_wconf 90' lang='lat' dir='ltr'>a</span> <span class='ocrx_word' id='word_1_238' title='bbox 492 3737 601 3807; x_wconf 86' lang='lat' dir='ltr'>vocali</span> <span class='ocrx_word' id='word_1_239' title='bbox 624 3737 820 3820; x_wconf 89' lang='lat' dir='ltr'>incipiebat,</span> <span class='ocrx_word' id='word_1_240' title='bbox 852 3737 944 3819; x_wconf 89' lang='lat' dir='ltr'>sequi</span> <span class='ocrx_word' id='word_1_241' title='bbox 972 3756 1053 3818; x_wconf 90' lang='lat' dir='ltr'>opus</span> <span class='ocrx_word' id='word_1_242' title='bbox 1077 3741 1166 3820; x_wconf 75' lang='lat' dir='ltr'>erat,</span> <span class='ocrx_word' id='word_1_243' title='bbox 1197 3755 1268 3802; x_wconf 91' lang='lat' dir='ltr'>cnm</span> <span class='ocrx_word' id='word_1_244' title='bbox 1293 3736 1429 3804; x_wconf 75' lang='lat' dir='ltr'>Persona</span> <span class='ocrx_word' id='word_1_245' title='bbox 1452 3755 1569 3804; x_wconf 87' lang='lat' dir='ltr'>nornen</span> 
     </span>
     <span class='ocr_line' id='line_1_32' title="bbox 339 3844 1568 3928; baseline -0.002 -15"><span class='ocrx_word' id='word_1_246' title='bbox 339 3851 378 3913; x_wconf 95' lang='lat' dir='ltr'>nt</span> <span class='ocrx_word' id='word_1_247' title='bbox 407 3846 515 3912; x_wconf 74' lang='lat' dir='ltr'>tribue</span> <span class='ocrx_word' id='word_1_248' title='bbox 541 3845 680 3928; x_wconf 83' lang='lat' dir='ltr'>syllabis</span> <span class='ocrx_word' id='word_1_249' title='bbox 710 3844 998 3928; x_wconf 88' lang='lat' dir='ltr'>pronuntiaretur,</span> <span class='ocrx_word' id='word_1_250' title='bbox 1030 3844 1102 3911; x_wconf 90' lang='lat' dir='ltr'>ficri</span> <span class='ocrx_word' id='word_1_251' title='bbox 1133 3863 1197 3911; x_wconf 93' lang='lat' dir='ltr'>non</span> <span class='ocrx_word' id='word_1_252' title='bbox 1225 3851 1339 3927; x_wconf 89' lang='lat' dir='ltr'>posset</span> <span class='ocrx_word' id='word_1_253' title='bbox 1371 3844 1434 3910; x_wconf 89' lang='lat' dir='ltr'>uisi</span> <span class='ocrx_word' id='word_1_254' title='bbox 1458 3844 1568 3912; x_wconf 86' lang='lat' dir='ltr'>vocali</span> 
     </span>
     <span class='ocr_line' id='line_1_33' title="bbox 340 3951 1568 4036; baseline -0.002 -16"><span class='ocrx_word' id='word_1_255' title='bbox 340 3958 509 4035; x_wconf 88' lang='lat' dir='ltr'>sequente.</span> <span class='ocrx_word' id='word_1_256' title='bbox 542 3953 593 4019; x_wconf 89' lang='lat' dir='ltr'>sin</span> <span class='ocrx_word' id='word_1_257' title='bbox 616 3973 670 4020; x_wconf 79' lang='lat' dir='ltr'>-us</span> <span class='ocrx_word' id='word_1_258' title='bbox 693 3953 885 4018; x_wconf 89' lang='lat' dir='ltr'>terminatio</span> <span class='ocrx_word' id='word_1_259' title='bbox 902 3951 1026 4019; x_wconf 82' lang='lat' dir='ltr'>Latino</span> <span class='ocrx_word' id='word_1_260' title='bbox 1049 3951 1210 4035; x_wconf 88' lang='lat' dir='ltr'>positione</span> <span class='ocrx_word' id='word_1_261' title='bbox 1234 3953 1333 4036; x_wconf 81' lang='lat' dir='ltr'>longa</span> <span class='ocrx_word' id='word_1_262' title='bbox 1356 3952 1568 4035; x_wconf 84' lang='lat' dir='ltr'>reddebatur,</span> 
     </span>
     <span class='ocr_line' id='line_1_34' title="bbox 340 4055 1568 4145; baseline -0.002 -17"><span class='ocrx_word' id='word_1_263' title='bbox 340 4061 449 4128; x_wconf 90' lang='lat' dir='ltr'>omnia</span> <span class='ocrx_word' id='word_1_264' title='bbox 462 4061 545 4127; x_wconf 92' lang='lat' dir='ltr'>haec</span> <span class='ocrx_word' id='word_1_265' title='bbox 561 4061 693 4127; x_wconf 88' lang='lat' dir='ltr'>nomina</span> <span class='ocrx_word' id='word_1_266' title='bbox 708 4059 942 4126; x_wconf 83' lang='lat' dir='ltr'>terminatione</span> <span class='ocrx_word' id='word_1_267' title='bbox 958 4055 1165 4145; x_wconf 65' lang='grc' dir='ltr'>δισυλλάβως</span> <span class='ocrx_word' id='word_1_268' title='bbox 1179 4059 1396 4142; x_wconf 89' lang='lat' dir='ltr'>pronuntiata</span> <span class='ocrx_word' id='word_1_269' title='bbox 1415 4059 1568 4126; x_wconf 81' lang='lat' dir='ltr'>adlriberi</span> 
     </span>
     <span class='ocr_line' id='line_1_35' title="bbox 339 4165 1570 4252; baseline -0.001 -17"><span class='ocrx_word' id='word_1_270' title='bbox 339 4168 529 4252; x_wconf 86' lang='lat' dir='ltr'>nequibant.</span> <span class='ocrx_word' id='word_1_271' title='bbox 576 4187 728 4252; x_wconf 83' lang='lat' dir='ltr'>maguam</span> <span class='ocrx_word' id='word_1_272' title='bbox 761 4167 992 4234; x_wconf 82' lang='lat' dir='ltr'>difficultatem</span> <span class='ocrx_word' id='word_1_273' title='bbox 1025 4169 1088 4234; x_wconf 88' lang='lat' dir='ltr'>bac</span> <span class='ocrx_word' id='word_1_274' title='bbox 1118 4177 1169 4234; x_wconf 83' lang='lat' dir='ltr'>ro&#39;</span> <span class='ocrx_word' id='word_1_275' title='bbox 1188 4165 1296 4249; x_wconf 82' lang='lat' dir='ltr'>poetis</span> <span class='ocrx_word' id='word_1_276' title='bbox 1326 4167 1463 4232; x_wconf 86' lang='lat' dir='ltr'>allatam</span> <span class='ocrx_word' id='word_1_277' title='bbox 1496 4185 1570 4234; x_wconf 87' lang='lat' dir='ltr'>esse</span> 
     </span>
     <span class='ocr_line' id='line_1_36' title="bbox 339 4273 1568 4359; baseline -0.002 -16"><span class='ocrx_word' id='word_1_278' title='bbox 339 4281 494 4359; x_wconf 85' lang='lat' dir='ltr'>apparot,</span> <span class='ocrx_word' id='word_1_279' title='bbox 525 4293 619 4357; x_wconf 87' lang='lat' dir='ltr'>quam</span> <span class='ocrx_word' id='word_1_280' title='bbox 645 4274 803 4342; x_wconf 86' lang='lat' dir='ltr'>facillime</span> <span class='ocrx_word' id='word_1_281' title='bbox 827 4274 969 4358; x_wconf 81' lang='lat' dir='ltr'>elingere</span> <span class='ocrx_word' id='word_1_282' title='bbox 993 4277 1186 4357; x_wconf 89' lang='lat' dir='ltr'>potnerunt,</span> <span class='ocrx_word' id='word_1_283' title='bbox 1217 4274 1251 4339; x_wconf 21' lang='lat' dir='ltr'>si*</span> <span class='ocrx_word' id='word_1_284' title='bbox 1269 4273 1401 4341; x_wconf 80' lang='lat' dir='ltr'>Graeca</span> <span class='ocrx_word' id='word_1_285' title='bbox 1425 4292 1568 4355; x_wconf 90' lang='lat' dir='ltr'>pronun-</span> 
     </span>
     <span class='ocr_line' id='line_1_37' title="bbox 340 4381 1192 4450; baseline -0.001 -1"><span class='ocrx_word' id='word_1_286' title='bbox 340 4383 480 4449; x_wconf 87' lang='lat' dir='ltr'>tiatione</span> <span class='ocrx_word' id='word_1_287' title='bbox 504 4382 537 4450; x_wconf 90' lang='lat' dir='ltr'>iu</span> <span class='ocrx_word' id='word_1_288' title='bbox 561 4382 700 4449; x_wconf 85' lang='lat' dir='ltr'>Graecis</span> <span class='ocrx_word' id='word_1_289' title='bbox 724 4381 909 4449; x_wconf 89' lang='lat' dir='ltr'>nominibus</span> <span class='ocrx_word' id='word_1_290' title='bbox 933 4381 983 4448; x_wconf 91' lang='lat' dir='ltr'>uti</span> <span class='ocrx_word' id='word_1_291' title='bbox 1007 4383 1192 4449; x_wconf 88' lang='lat' dir='ltr'>voluerunt.</span> 
     </span>
    </p>

    <p class='ocr_par' dir='ltr' id='par_1_6' title="bbox 340 4476 1568 4680">
     <span class='ocr_line' id='line_1_38' title="bbox 429 4476 1566 4572; baseline -0.004 -16"><span class='ocrx_word' id='word_1_292' title='bbox 429 4489 513 4556; x_wconf 84' lang='lat' dir='ltr'>Aliis</span> <span class='ocrx_word' id='word_1_293' title='bbox 536 4491 570 4555; x_wconf 88' lang='lat' dir='ltr'>in</span> <span class='ocrx_word' id='word_1_294' title='bbox 594 4489 778 4555; x_wconf 89' lang='lat' dir='ltr'>nominibus</span> <span class='ocrx_word' id='word_1_295' title='bbox 801 4488 900 4555; x_wconf 89' lang='lat' dir='ltr'>istius</span> <span class='ocrx_word' id='word_1_296' title='bbox 924 4487 1058 4572; x_wconf 83' lang='lat' dir='ltr'>generis</span> <span class='ocrx_word' id='word_1_297' title='bbox 1083 4488 1166 4555; x_wconf 89' lang='lat' dir='ltr'>dnae</span> <span class='ocrx_word' id='word_1_298' title='bbox 1186 4476 1471 4571; x_wconf 57' lang='lat' dir='ltr'>syllabae&#39;breves</span> <span class='ocrx_word' id='word_1_299' title='bbox 1488 4493 1566 4554; x_wconf 87' lang='lat' dir='ltr'>ante</span> 
     </span>
     <span class='ocr_line' id='line_1_39' title="bbox 340 4585 1568 4680; baseline -0.002 -15"><span class='ocrx_word' id='word_1_300' title='bbox 340 4597 606 4666; x_wconf 88' lang='lat' dir='ltr'>terminationem</span> <span class='ocrx_word' id='word_1_301' title='bbox 636 4597 766 4680; x_wconf 85' lang='lat' dir='ltr'>positae</span> <span class='ocrx_word' id='word_1_302' title='bbox 794 4603 881 4680; x_wconf 87' lang='lat' dir='ltr'>sunt,</span> <span class='ocrx_word' id='word_1_303' title='bbox 912 4597 1005 4664; x_wconf 88' lang='lat' dir='ltr'>velut</span> <span class='ocrx_word' id='word_1_304' title='bbox 1035 4595 1166 4662; x_wconf 88' lang='lat' dir='ltr'>iubis:</span> <span class='ocrx_word' id='word_1_305' title='bbox 1198 4585 1358 4663; x_wconf 78' lang='lat' dir='ltr'>Briarcus</span> <span class='ocrx_word' id='word_1_306' title='bbox 1375 4594 1568 4662; x_wconf 75' lang='lat' dir='ltr'>idmooaaoa</span> 
     </span>
    </p>
   </div>
   <div class='ocr_carea' id='block_1_4' title="bbox 0 0 1752 5310">
    <p class='ocr_par' dir='ltr' id='par_1_7' title="bbox 0 0 1752 5310">
     <span class='ocr_line' id='line_1_40' title="bbox 0 0 1752 5310; baseline 0 0"><span class='ocrx_word' id='word_1_307' title='bbox 0 0 1752 5310; x_wconf 95' lang='lat' dir='ltr'> </span> 
     </span>
    </p>
   </div>
  </div>
 </body>
</html>
