3496 5310
769 391 813 460 39

174 606 311 673 Achillis
341 625 457 673 nomen
489 613 685 688 sequeretur
716 607 749 672 in
779 625 928 673 sermone
951 605 1089 671 Latino:
1122 605 1344 674 nominativus
1367 615 1403 672 et

175 713 386 780 accusativus
410 733 450 779 ex
474 713 532 780 illa
557 713 663 780 forma
680 715 803 780 Dorica
826 712 973 780 derivati
997 711 1228 779 declinationis
1253 712 1402 780 Graecae

173 821 424 888 terminationes
448 828 635 904 servarent,
661 822 837 906 genetivus
861 821 916 904 qui
940 819 1009 888 exit
1033 821 1067 886 in
1091 821 1141 904 -ei,
1167 821 1209 887 ad
1226 820 1402 887 nominati-

173 947 248 994 vum
284 948 343 1011 per
376 951 446 996 -cus
480 929 689 996 terminatum
726 935 906 1013 spectaret,
940 927 1130 996 terminatio
1161 929 1205 996 -is
1237 947 1322 1011 quae
1352 928 1403 995 ita

174 1037 300 1103 tradita
335 1042 400 1119 est,
442 1042 478 1103 ut
515 1037 659 1104 dubitari
695 1057 759 1104 non
794 1038 914 1121 possit,
955 1036 1109 1104 Latinam
1147 1035 1402 1103 declinationem

173 1145 375 1211 ostenderet.
424 1145 508 1226 quod
533 1144 588 1211 vix
613 1145 770 1212 credibile
795 1153 854 1212 est.
903 1162 978 1210 nam
1004 1163 1073 1211 cum
1099 1143 1228 1210 codices
1253 1143 1401 1211 omnibus

172 1252 255 1318 locis
278 1252 430 1318 Achillem
454 1253 606 1336 tradant,
637 1272 831 1337 quamquam
857 1253 1037 1319 sescenties
1060 1273 1112 1318 -cn
1136 1251 1402 1319 terminationem

173 1359 313 1426 aliorum
343 1359 508 1427 nominum
538 1368 628 1427 recte
659 1361 835 1444 praebent,
866 1360 938 1426 fieri
969 1378 1032 1425 non
1061 1364 1187 1442 potest,
1220 1363 1256 1424 ut
1287 1366 1403 1426 contra

173 1466 303 1533 codices
342 1473 376 1534 et
408 1467 675 1534 consuetudinem
716 1487 810 1550 quam
844 1467 878 1533 in
916 1467 981 1534 alio
1014 1485 1141 1548 quoque
1173 1485 1251 1532 caru
1283 1471 1401 1548 poetas

173 1581 304 1640 secutos
321 1593 394 1641 esse
411 1576 566 1657 videmus,
590 1575 735 1642 Achillea
754 1576 912 1660 legamus.
949 1574 1116 1657 Vergilius
1133 1572 1269 1641 Achillas
1285 1593 1408 1642 secun.

173 1682 249 1748 dum
293 1682 427 1748 tertiam
467 1682 718 1750 declinationem
759 1683 864 1749 latine
907 1681 1000 1748 flexit
1038 1686 1174 1765 praeter
1211 1682 1400 1766 genetivum

173 1808 268 1870 quem
298 1794 333 1855 et
356 1789 459 1856 latine
490 1792 534 1857 -is
564 1790 687 1856 litteris
713 1795 747 1856 et
775 1808 895 1874 graece
926 1791 969 1857 -ei
998 1789 1168 1857 vocalibus
1198 1788 1317 1856 finivit.
1365 1794 1402 1856 ut

171 1896 235 1962 hcc
266 1915 394 1978 quoque
419 1899 547 1981 addam,
579 1897 686 1964 forma
711 1898 834 1964 Dorica
857 1895 1005 1985 Ἀχίλλης
1036 1897 1176 1964 nondum
1209 1896 1403 1964 confirmata

172 2010 234 2086 est,
261 2005 318 2070 sed
342 2001 488 2086 Ἀχιλεύς
511 2011 637 2072 tantum
663 2006 840 2073 invenitur.

263 2112 343 2178 Rem
368 2112 417 2178 ita
441 2131 477 2179 se
492 2113 618 2179 babere
634 2115 764 2180 codices
781 2112 997 2180 Horatiani
1014 2114 1141 2198 docent,
1167 2111 1221 2194 qui
1237 2111 1400 2194 Achilleae,

172 2239 237 2286 non
254 2219 397 2287 Achillea
419 2239 445 2286 c.
463 2221 499 2286 ΙΙ
523 2222 553 2287 4.
574 2239 600 2302 4,
625 2221 659 2288 ΙΙ
687 2223 735 2288 16.
754 2239 797 2304 aa,
823 2228 884 2288 sat.
910 2221 973 2286 Il.
992 2236 1035 2302 12,
1061 2241 1091 2286 a.
1108 2228 1195 2302 poet.
1217 2220 1281 2286 120
1304 2239 1405 2302 prae.

170 2328 253 2394 beut
277 2333 310 2394 et
326 2327 466 2409 Achillei,
491 2348 555 2394 non
572 2328 706 2397 Achillis
730 2330 782 2395 vel
806 2329 935 2412 Achilli,
960 2328 1021 2394 cI
1047 2329 1096 2395 15.
1114 2345 1158 2410 34,
1184 2327 1276 2410 epod.
1301 2327 1400 2394 XVII

173 2437 224 2501 14.
266 2455 370 2517 neque
394 2437 456 2502 hac
480 2436 535 2503 via
558 2438 770 2504 decesserunt
793 2435 1028 2519 Propertius
1053 2441 1086 2501 et
1110 2435 1285 2502 Ovidius.
1325 2455 1407 2502 nam

171 2543 205 2610 in
235 2545 392 2626 Properti
422 2543 539 2628 elegiis
569 2546 724 2612 Achillem
756 2551 847 2611 recte
876 2543 1036 2610 traditum
1061 2548 1114 2612 est
1144 2542 1214 2629 (ΙΙΙ
1240 2544 1290 2608 18.
1308 2560 1342 2614 av
1366 2547 1401 2608 et

171 2651 206 2717 Π
231 2654 262 2718 9.
283 2651 333 2736 9),
367 2652 422 2718 ubi
455 2671 473 2718 o
504 2653 693 2735 compendio
731 2671 793 2735 quo
827 2651 956 2718 scribae
991 2651 1137 2717 codicum
1169 2650 1199 2716 F
1230 2655 1262 2716 et
1291 2651 1320 2716 N
1350 2650 1400 2717 usi

171 2767 260 2840 sunt,
286 2759 434 2826 nonnulli
456 2760 598 2827 Achilleo
620 2781 678 2843 pro
695 2760 842 2827 Achillam
867 2759 987 2825 iniuria
1011 2764 1226 2841 sumpserunt.
1259 2759 1294 2824 ΙΙ
1318 2759 1401 2830 9.13

172 2873 205 2934 et
232 2867 280 2934 IV
306 2869 356 2933 11.
374 2885 409 2940 39
439 2869 629 2950 genetivum
661 2869 743 2934 fecit
766 2867 883 2935 Achilli
913 2867 1028 2934 melius
1053 2866 1186 2932 Achillei
1215 2866 1399 2949 legendum.

172 2975 203 3041 in
232 2975 330 3042 Ovidi
361 2978 666 3058 metamorphoseon
697 2976 793 3043 libris
815 2974 950 3042 Achillis
980 2993 1095 3041 nomen
1119 2973 1275 3040 Latinam
1301 2973 1400 3040 decli-

171 3082 338 3150 nationem
364 3083 397 3149 in
422 3085 570 3151 omnibus
595 3085 727 3152 casibus
750 3083 906 3167 sequitur.

263 3191 371 3257 Minus
401 3191 605 3274 perspicuum
636 3199 700 3275 est,
734 3191 1032 3273 quomodopoetae
1057 3189 1244 3256 innomine
1274 3188 1401 3258 Ulixis

170 3317 207 3365 se
234 3299 422 3381 habuerint,
454 3301 540 3382 quod
570 3300 760 3381 plerumque
787 3299 964 3365 secundum
987 3298 1123 3364 tertiam
1148 3296 1401 3364 declinationem

170 3405 290 3472 flexum
331 3413 391 3473 est.
453 3408 512 3474 sed
543 3408 744 3491 Vergilius
784 3406 868 3473 dixit
897 3407 931 3471 in
962 3405 1116 3489 genetivo
1157 3405 1262 3473 Ulisi:
1306 3406 1341 3472 ΙΙ
1370 3409 1400 3472 7.

170 3515 225 3581 90.
248 3514 312 3580 436
338 3514 505 3600 (VLIXEI
529 3515 583 3600 P),
609 3515 661 3581 ΙΙΙ
686 3516 750 3582 613
775 3513 958 3598 (vulxiul
982 3514 1033 3600 P),
1064 3514 1118 3579 HI
1142 3515 1205 3580 691
1232 3512 1401 3596 (VLIXEI

172 3621 208 3708 (Ε
240 3641 325 3688 man.
351 3623 371 3688 2
396 3622 484 3707 add.)
509 3623 561 3709 P),
586 3623 640 3689 ΙΙΙ
664 3624 738 3688 273.
1101 3697 1102 3701 ,

264 3729 422 3796 Omnibus
445 3731 525 3798 locis
549 3751 612 3798 uno
636 3736 774 3813 excepto
799 3731 866 3816 (ΙΙΙ
882 3731 946 3796 273
966 3751 1149 3798 coemuntur
1175 3729 1279 3815 Ulisi)
1301 3748 1400 3797 voca-

171 3838 281 3904 bulum
313 3839 482 3905 antecedit
511 3859 571 3921 per
601 3863 617 3906 c
648 3847 883 3906 consonantem
914 3838 1062 3905 clausum
1093 3837 1145 3922 (ΙΙ
1171 3840 1190 3903 7
1214 3839 1304 3905 mim
1334 3838 1400 3918 Ul,

171 3946 206 4012 ΙΙ
231 3947 276 4012 90
300 3947 434 4029 pellacis
467 3947 535 4027 Ul,
571 3947 696 4014 11436
726 3949 838 4014 tardos
873 3947 942 4028 Ul,
977 3946 1119 4012 111613
1148 3946 1287 4029 infelicis
1322 3945 1399 4028 Ul).

172 4053 200 4120 si
231 4054 391 4121 Graecam
425 4055 563 4122 formam
595 4055 732 4123 nominis
770 4051 933 4138 Οὐλυξεύς
967 4053 1186 4136 novissemus
1217 4053 1270 4119 bic
1300 4039 1400 4137 gene·

172 4161 263 4228 tivns
297 4164 410 4228 eodem
445 4164 539 4229 modo
580 4171 670 4231 ortus
711 4169 798 4230 esset
841 4182 904 4245 quo
945 4162 1078 4228 Achillei
1114 4161 1168 4228 vel
1203 4161 1323 4227 Achilli
1358 4161 1400 4226 ab

172 4269 332 4336 Achilleus
363 4271 537 4338 deductum
568 4291 640 4338 esse
670 4271 820 4340 vidimus.
868 4271 927 4338 sed
953 4270 1021 4336 tale
1046 4288 1162 4336 nomen
1186 4288 1250 4334 nou
1277 4274 1399 4351 exstat,

173 4377 280 4444 simile
300 4384 412 4445 tamen
430 4380 516 4462 apud
532 4380 742 4448 Eustatlrium
754 4379 778 4466 1)
795 4385 829 4446 et
844 4396 1006 4462 persaepe
1023 4377 1055 4444 in
1071 4377 1216 4443 vasculis
1232 4376 1400 4443 invenitur

174 4543 356 4553 ———

264 4611 284 4682 ι)
303 4611 345 4667 ur
363 4611 444 4667 nar.
462 4621 482 4681 a
498 4612 559 4669 oea.
