3452 5316
791 415 834 480 25

200 631 318 696 avulsa
354 649 412 695 nos
444 631 538 694 docet
569 628 779 710 philosophos
813 629 886 694 illos
917 647 981 693 non
1013 627 1116 693 solum
1148 647 1212 692 non
1247 629 1357 692 eadem
1390 629 1429 692 de

200 737 323 810 eisdem
348 740 445 803 rebus
469 736 621 816 sensisse,
646 735 828 802 sedetiam
853 735 917 800 sibi
942 755 1005 800 non
1030 734 1227 801 constitisse.

289 863 438 944 Denique
455 861 565 928 hausit
578 862 707 926 Aeneas
724 881 741 926 e
758 861 888 926 Plotino
907 881 988 942 quae
1006 861 1044 926 de
1062 861 1300 942 Anaxagora
1315 859 1428 924 affert:

201 990 290 1066 ,ὄζοι
311 985 381 1051 αλλ’
397 983 560 1051 άδίνατον
575 984 646 1068 ἅμα
662 989 708 1070 τῷ
732 987 788 1072 δη·
844 985 878 1049 Π
898 988 953 1067 4,τ
988 983 1207 1072 Ἀναξαγόρας
1236 983 1273 1049 δὲ
1298 1036 1305 1050 .
1329 1036 1336 1050 .
1360 1035 1367 1050 .
1393 981 1430 1048 όν

247 1097 394 1182 Ιιιιοοργῴ
425 1090 700 1181 παραλαμβάνειν
729 1092 788 1180 τὴν

248 1199 337 1288 ὕλην.
385 1201 453 1266 Καὶ
485 1205 583 1266 τοῦτο
617 1200 789 1275 Πλωτῖνος

248 1305 542 1397 περιεργαζόμενος
596 1304 655 1394 τὴν
707 1304 788 1394 ὕλφν

249 1419 365 1503 σαφῶς
410 1413 498 1479 πάνυ
537 1411 689 1500 προλέγει
733 1414 788 1479 καὶ

248 1521 304 1587 τόν
319 1519 538 1609 Ἀναξαγόραν
553 1522 715 1605 κωμῳδεῖ,
737 1518 787 1585 ὅτι

888 1089 1011 1176 εἰσάγει
1062 1095 1138 1157 νοῦν
1189 1088 1323 1179 α’ναιρεῖ
1372 1088 1430 1156 οὐκ

888 1196 988 1264 αὐτόν
1026 1195 1084 1286 τὴν
1126 1195 1260 1286 μορφὴν
1297 1198 1353 1263 καὶ
1391 1195 1429 1262 τό

887 1299 976 1382 εἶδος
1019 1304 1155 1372 διδόντα
1199 1309 1305 1371 ποιοῦν
1352 1303 1429 1370 οὐδὲ

888 1411 1050 1501 πρότερον
1066 1417 1124 1500 τῆς
1139 1410 1230 1499 ὕλης,
1243 1410 1321 1477 ἀλλ’
1337 1409 1428 1494 ἅμα,

888 1517 1082 1586 α’δίνατον
1106 1520 1147 1585 δὲ
1171 1517 1261 1603 ἅμα.

249 1628 293 1716 μὴ
324 1627 493 1717 προλέγει,
524 1625 603 1693 ἀλλ’
627 1625 707 1710 ἅμα
734 1624 791 1692 τόν

251 1734 451 1825 δημιουργόν
474 1736 528 1802 καὶ
553 1732 611 1822 τὴν
626 1732 707 1822 ὕλην
724 1732 790 1801 εἰο-

252 1842 375 1930 τξγαγεν,
399 1841 595 1908 άδόνατον
611 1840 651 1908 δὲ
673 1839 763 1926 ἅμα.

292 1989 360 2052 lam
391 1989 582 2053 accedamus
612 1989 653 2052 ad
678 1987 861 2052 doctrinam
887 1988 1017 2051 Aeneae
1047 2006 1117 2051 cum
1142 1985 1273 2051 Plotino
1298 2004 1429 2066 compa-

199 2097 348 2160 randam.
396 2097 497 2178 Quem
522 2095 750 2176 philosophum
781 2094 879 2176 longe
911 2094 1010 2159 aliter
1040 2094 1205 2175 profuisse
1230 2095 1360 2157 Aeneae
1390 2111 1429 2158 ac

200 2201 372 2266 Platonem
397 2201 472 2265 inde
497 2201 707 2282 cognoscitur
730 2201 829 2282 quod,
858 2207 894 2265 ut
918 2201 1101 2265 Platonis
1127 2219 1241 2264 nomen
1264 2199 1429 2280 reperitur

200 2310 237 2374 in
261 2309 409 2373 omnibus
439 2309 508 2373 fera
532 2309 679 2389 paginis⁷
712 2308 761 2373 ita
784 2308 967 2372 Plotinus
991 2307 1095 2371 solum
1127 2313 1178 2371 ter
1202 2313 1270 2370 toto
1296 2306 1427 2386 dialogo

201 2416 390 2497 appellatur
426 2415 468 2500 (p.
495 2417 543 2494 1⁶2,
562 2416 699 2498 olma).
758 2416 865 2495 Aque
900 2432 1017 2506 revera
1051 2415 1254 2479 Platonem
1290 2413 1429 2477 habuit

202 2525 355 2588 Aeneas
380 2530 518 2587 testem
544 2523 780 2604 placitorum
810 2541 976 2602 suorum,
1006 2521 1204 2586 Plotinum
1229 2527 1427 2585 auctorem

200 2629 572 2711 argumentationis.
621 2629 712 2711 Quod
749 2629 889 2694 maxime
922 2628 1051 2710 patebit
1084 2627 1266 2693 doctrinam
1297 2628 1428 2691 Aeneae

201 2739 248 2802 de
273 2737 529 2818 providentia
554 2737 614 2801 dei
640 2756 711 2801 cum
735 2737 866 2801 Plotino
891 2736 1167 2817 comparantibus.

289 2862 466 2943 Reperitur
504 2863 590 2943 apud
629 2862 772 2926 Aeneam
811 2861 937 2925 Plotini
977 2860 1098 2925 dictum
1143 2859 1304 2925 hominem
1356 2878 1427 2924 esse

200 2969 385 3050 praeditum
420 2989 484 3033 non
517 2988 641 3033 summa
675 2971 733 3034 sed
766 2968 879 3032 infima
919 2967 1078 3033 facultate
1112 2966 1241 3031 animae
1274 2965 1427 3030 habentis

198 3076 363 3141 rationem
395 3076 506 3155 itaque
537 3075 660 3140 nemini
688 3077 806 3140 mirum
830 3076 947 3140 debere
972 3093 1057 3154 esse,
1090 3075 1176 3154 quod
1199 3091 1427 3151 nonnunquam

200 3205 221 3248 a
245 3184 368 3248 virtute
393 3185 532 3247 aberret.

201 3309 255 3389 24,
267 3339 291 3378 ιο
321 3305 450 3382 ἐθέλεις
471 3306 507 3372 δὲ
528 3304 584 3372 τόν
605 3303 786 3395 ἄνθρωπον
840 3281 925 3372 ¹Eun.
948 3307 1000 3372 III
1023 3309 1074 3388 2,ε
1100 3302 1310 3389 θαυμάζεται
1335 3303 1427 3372 δὲέν

246 3413 377 3479 ἅπαντα
401 3417 588 3501 κατορθοῦν
608 3416 661 3499 καί
683 3413 786 3502 μηδὲν

247 3523 461 3608 διαμαρτεῖν,Ι
507 3518 646 3610 Σφόδρα
685 3529 786 3588 θαυ-

246 3626 363 3712 μάξεις
400 3625 457 3693 τὸν
492 3623 689 3715 ἄνθρωπον·
734 3624 787 3694 διό

246 3731 448 3817 θαυμάζεις,
477 3737 509 3799 εί
535 3760 567 3801 τι
597 3733 785 3823 διήμαρτεν.
821 3801 823 3806 ,

246 3839 329 3908 Ἀλλ’
363 3839 453 3908 ε”στιν
488 3839 528 3908 σι’·
561 3846 619 3930 τῆς
653 3841 787 3930 πρώτης

886 3412 1082 3501 άνθριόποις
1117 3411 1245 3491 α’δικία,
1285 3410 1336 3477 ὅτι
1371 3409 1427 3477 άν-

886 3529 1027 3610 θραιπον
1047 3517 1198 3604 α’ξιοῦσιν
1215 3519 1249 3585 ἐν
1264 3524 1310 3604 τῷ
1326 3521 1424 3584 παντὶ

885 3626 923 3694 τό
955 3629 1066 3712 τίμιον
1099 3621 1183 3694 εἶναι
1217 3625 1262 3702 τός
1294 3623 1427 3702 οὐδενὸς

886 3733 979 3812 ὄντας
1004 3733 1206 3824 σοφωτέρου.
1241 3732 1279 3799 τό
1303 3732 1340 3799 δὲ
1363 3739 1426 3798 κεῖ-

885 3867 939 3909 ται
958 3843 992 3909 ἐν
1008 3841 1098 3929 με’σφ
1114 3845 1204 3908 θεῶν
1220 3843 1275 3907 καὶ
1285 3841 1425 3929 θηρίων.

247 3950 376 4036 λογικῆς
413 3949 564 4036 μερίδος,
608 3946 691 4014 α’λλό
729 3953 788 4036 τῆς
841 3952 888 4018 IV
912 3953 963 4033 8,τ
1006 3950 1102 4026 θείας
1131 3949 1192 4033 μὲν
1222 3948 1343 4038 μοίρας
1371 3940 1425 4014 οὖ-

247 4054 387 4143 ἐσχάτης
411 4053 636 4145 όάνθριοπος,
660 4054 697 4132 ός
724 4071 787 4144 ψυ-

246 4168 306 4251 χῆς
332 4163 392 4247 μὲν
420 4160 592 4251 άθανασίρ
621 4165 676 4229 καὶ
703 4161 786 4248 λόγῳ

246 4275 312 4336 τῶν
327 4268 452 4354 α’λόγων
469 4269 649 4359 ἐπικρατεῖ,
669 4275 786 4359 φθορᾷ

246 4378 284 4444 δὲ
314 4376 465 4461 σώματος
495 4379 550 4443 καὶ
579 4381 706 4466 τροφῆς
738 4377 787 4442 ἕν-

247 4485 321 4574 δείᾳ
340 4488 405 4550 τῶν
421 4483 488 4550 ἄνω
510 4487 647 4570 λογικῶν
666 4482 787 4550 οόοιιόν

246 4589 475 4660 ἀπολείπεται.

887 4081 963 4135 σαν,
992 4055 1026 4122 ἐν
1050 4054 1177 4143 ἐσχάτῳ
1202 4055 1238 4122 δὲ
1266 4059 1326 4120 τοῦ
1353 4080 1427 4143 νοη-

885 4169 945 4230 τοῦ
968 4156 1080 4231 οὖσαν.
