3462 5312
935 392 1000 456 170

354 606 510 671 Bistones
536 601 709 670 Colchides.
757 604 915 670 Libenter
938 605 1092 670 nimirum
1115 612 1233 686 poetae
1257 606 1392 671 eundem
1418 625 1510 670 usum
1533 626 1582 670 se

354 713 551 792 quebantur,
591 730 791 791 quocumque
825 711 896 777 loeo
933 711 1042 777 versui
1083 711 1176 777 brevi
1214 712 1348 795 syllaba
1385 731 1467 794 opus
1502 721 1581 778 erat.

354 819 485 901 Quare
510 819 640 884 Graeca
663 817 853 884 terminatio
883 818 931 884 ita
956 818 1080 884 usitata
1104 819 1316 900 reddebatur,
1346 825 1382 884 ut
1404 826 1521 901 poetae
1545 837 1583 884 ea

354 925 454 991 etiam
487 925 522 990 in
554 924 718 1007 positione
751 931 784 990 et
819 925 853 989 in
884 924 947 990 fine
980 944 1095 990 versus
1128 931 1314 1008 uterentur,
1351 925 1468 1005 quibus
1501 924 1583 991 locis

354 1040 457 1098 metro
482 1032 637 1098 incolumi
661 1033 816 1098 Latinam
841 1031 1092 1098 declinationem
1116 1033 1210 1114 sequi
1233 1039 1419 1114 potuerunt.

443 1139 534 1205 Inter
568 1139 723 1205 Latinam
759 1146 791 1204 et
824 1140 985 1206 Graecam
1023 1138 1161 1205 formam
1196 1140 1365 1206 haesitant
1400 1139 1583 1206 accusativi

352 1248 467 1314 horum
491 1247 674 1314 nominum:

444 1354 570 1422 Statius
602 1354 635 1420 in
666 1354 832 1420 Silvarum
862 1373 958 1420 versu
983 1343 1018 1420 V'
1036 1356 1066 1437 2,
1086 1355 1149 1420 123
1181 1360 1213 1420 et
1243 1354 1279 1419 in
1302 1353 1483 1420 Thebaidis
1511 1373 1584 1420 ver-

353 1461 444 1528 sibus
474 1461 605 1529 v1194
642 1466 674 1526 et
706 1461 756 1526 IX
779 1461 844 1526 845
879 1461 1041 1528 Graecam
1075 1461 1214 1527 formam
1245 1462 1391 1528 Arcades
1425 1459 1582 1541 servavit,

353 1588 437 1650 quae
464 1569 536 1635 sola
565 1569 746 1634 hexametri
775 1575 879 1633 metro
909 1567 1134 1634 conveniebat.
1182 1568 1302 1634 Latine
1326 1575 1433 1634 autem
1464 1569 1583 1634 flexum

353 1675 538 1743 invenimus
562 1674 701 1743 Arcades
725 1675 759 1740 in
782 1675 999 1757 Priapeorum
1022 1695 1118 1741 versu
1143 1676 1291 1742 XXXVI
1316 1677 1353 1741 5:

559 1782 671 1866 fronte
694 1783 834 1848 crindos
858 1781 1009 1848 Arcades
1032 1783 1130 1850 vides
1153 1781 1312 1864 Faunos,

355 1910 418 1972 quo
442 1891 514 1957 loco
540 1889 683 1956 'domasse
707 1888 855 1955 consulto
881 1889 1161 1955 homoeoteleuton
1186 1888 1336 1956 effectum
1363 1897 1421 1955 est.

443 1998 537 2081 Quod
560 1996 735 2062 Petronius
759 1995 793 2060 in
809 1996 961 2078 prosaico
979 2003 1133 2062 contextu
1158 1997 1232 2078 102,
1252 1997 1328 2079 14,5
1353 1996 1475 2061 Latine
1500 1996 1585 2060 dixit

353 2105 491 2187 Arabae,
526 2123 596 2170 cum
630 2103 664 2168 in
695 2103 845 2170 versibus
875 2102 990 2171 Valeri
1015 2103 1131 2169 Flacci
1154 2103 1201 2170 VI
1227 2105 1290 2169 139
1323 2110 1357 2170 et
1389 2103 1507 2169 Manili
1537 2103 1582 2170 IV

354 2211 429 2295 654,
448 2212 512 2276 754
535 2211 663 2278 Arabes
686 2210 844 2293 legamus,
869 2230 933 2276 non
957 2211 1073 2276 mirum
1099 2218 1157 2276 est.

443 2318 540 2384 Metri
581 2318 777 2384 necessitate
816 2317 1003 2399 postulatur
1037 2317 1160 2383 Latina
1198 2317 1306 2384 forma
1343 2319 1378 2384 in
1413 2317 1582 2384 Iuvenalis

246 2455 247 2460 ¹
353 2445 450 2493 versu
473 2425 539 2494 VII
568 2427 623 2490 ll:
655 2427 791 2509 tripodes
821 2427 966 2492 armario
997 2426 1106 2507 cistas,
1138 2445 1210 2490 cum
1239 2427 1374 2492 verbum
1407 2424 1581 2505 insequens

354 2553 374 2599 5
398 2532 506 2600 vocali
530 2532 679 2614 incipiat.
721 2531 880 2598 Omnibus
905 2531 1024 2598 ceteris
1041 2532 1122 2598 locis
1147 2533 1234 2615 apud
1249 2533 1419 2598 Lucanum
1440 2533 1581 2598 Statium

353 2639 468 2706 Silium
492 2639 646 2705 Italicum
670 2640 832 2706 Graecam
857 2638 997 2705 formam
1020 2639 1205 2706 invenimus
1230 2641 1381 2723 tripodes.

444 2746 594 2830 cycneas
629 2746 770 2812 nominis
806 2746 932 2812 Statius
969 2747 1081 2834 (Theb.
1107 2748 1137 2814 V
1161 2747 1225 2812 288
1262 2748 1342 2812 Α55,
1367 2748 1384 2811 Ι
1409 2746 1484 2829 205,
1506 2748 1580 2829 390,

353 2856 428 2937 530,
446 2854 524 2940 676)
549 2860 582 2919 et
605 2854 706 2921 Silius
724 2853 860 2920 Italicus
885 2853 1014 2940 (1472)
1039 2855 1178 2936 primam
1202 2854 1365 2938 syllabam
1389 2855 1581 2936 productam

352 2963 549 3042 habuerunt,
584 2981 649 3043 qua
681 2980 717 3027 re
749 2961 784 3026 in
819 2961 1008 3027 hexametro
1041 2961 1171 3028 Graeca
1205 2961 1312 3028 forma
1343 2961 1501 3047 Cyclados
1534 2961 1580 3028 uti

353 3071 564 3151 cogebantur.
613 3068 771 3133 Manilius
800 3073 908 3134 autem
933 3069 1067 3134 eandem
1092 3068 1256 3153 syllabam
1280 3070 1455 3151 corripuit,
1486 3089 1580 3150 quam

353 3178 485 3241 obrem
517 3181 593 3240 ante
618 3175 763 3240 vocalem
792 3175 883 3240 nulla
914 3175 978 3240 nisi
1003 3175 1125 3241 Latina
1151 3177 1257 3242 forma
1286 3178 1330 3241 ad
1357 3177 1580 3247 hexametrum

352 3285 558 3366 pangendum
588 3289 667 3365 apta
691 3289 772 3348 erat.
820 3282 884 3348 Sed
912 3291 987 3348 ante
1012 3290 1245 3349 consonantem
1274 3303 1400 3365 quoque
1430 3303 1500 3350 eam
1525 3285 1581 3350 ad-

353 3390 462 3456 hibuit
484 3390 520 3456 in
543 3409 640 3456 versu
664 3390 711 3458 IV
728 3390 792 3455 637

567 3497 688 3578 Litora,
713 3499 891 3580 deacephalis
909 3497 1070 3581 Cyclades
1088 3497 1249 3581 Delumque
1265 3497 1467 3582 Rhodosque.

442 3605 532 3670 Idem
556 3611 654 3687 poeta
677 3605 833 3671 Latinum
858 3606 1082 3673 accusativum
1109 3609 1251 3691 piperatos
1279 3606 1438 3688 praetulit
1460 3607 1496 3672 in
1519 3606 1579 3672 fine

353 3732 468 3778 versus
496 3712 512 3776 Ι
536 3713 615 3793 421,
647 3713 740 3777 euius
771 3712 912 3778 nominis
936 3713 1103 3778 Martialis
1134 3715 1288 3779 Lucanus
1319 3713 1421 3780 Silius
1445 3714 1580 3780 Italicis

353 3838 481 3900 semper
505 3818 667 3885 Graecam
693 3821 831 3885 ferinam
855 3821 1001 3904 pepoatas
1025 3821 1258 3902 adhibuerunt,
1291 3821 1420 3887 etiamsi
1446 3823 1579 3887 eundem

353 3946 468 3993 versus
491 3927 597 3991 locum
623 3927 784 4009 explebat.

442 4033 594 4114 Nomina,
625 4053 708 4114 quae
732 4053 859 4115 semper
887 4034 1113 4101 accusativum
1142 4035 1302 4118 pluralem
1327 4035 1446 4100 Latine
1471 4035 1580 4100 teuni-

353 4149 525 4224 naverunt,
558 4142 639 4207 haec
663 4142 683 4205 4
707 4148 798 4206 sunt:
832 4142 976 4208 Tramas
1004 4145 1154 4209 dracones
1183 4143 1359 4226 chlamydes
1378 4144 1578 4227 parapsides.

354 4249 446 4314 Haec
471 4250 578 4314 forma
606 4251 795 4333 paropsides
819 4269 884 4314 non
907 4250 1011 4315 solum
1036 4251 1071 4314 in
1094 4250 1245 4332 prosaico
1270 4255 1425 4316 contextu
1448 4249 1580 4316 Petroni

354 4356 407 4438 50,
425 4358 483 4438 6,ι
510 4356 688 4438 invenitur,
713 4359 770 4423 sed
795 4357 893 4423 etiam
918 4357 952 4422 in
977 4357 1144 4423 Martialis
1168 4377 1265 4424 versu
1288 4358 1339 4422 XI
1363 4359 1416 4440 31,
1435 4359 1494 4424 18:

569 4466 615 4530 sie
637 4466 743 4548 implet
764 4466 899 4548 pedales
919 4465 1177 4549 paropsidesque,

355 4589 417 4650 quo
441 4571 512 4637 loco
537 4578 634 4652 poeta
661 4573 802 4638 fortasse
825 4574 887 4639 duo
904 4573 1058 4654 deinceps
1081 4573 1215 4638 nomina
1238 4572 1470 4639 terminatione
1493 4573 1579 4638 vari-
