3462 5312
658 412 867 514 „aa

241 628 269 691 1.
299 626 407 707 Atque
436 626 628 708 saepissime
656 626 812 693 metricae
836 632 913 692 sunt
936 644 1069 708 causae,
1101 646 1184 707 quae
1212 635 1249 693 ut
1272 627 1376 696 Grae·

150 753 261 800 eorum
278 733 526 800 terminationes
549 757 604 821 -ης
621 741 653 800 et
667 757 724 810 -ας
732 731 755 819 1)
777 740 834 800 aut
850 739 1063 801 servarentur
1085 741 1142 800 aut
1165 753 1237 800 cum
1253 735 1377 801 Latina

148 865 187 908 -a
210 847 414 907 mutarentur
430 841 618 907 effecerunt.
665 841 751 907 Nam
776 841 809 907 in
836 842 895 906 191
915 840 1100 907 nominihus
1118 841 1256 908 Graecis
1279 843 1376 908 huius

149 948 294 1030 generis
327 967 409 1028 quae
440 950 527 1030 apud
556 953 686 1031 poetas,
718 967 798 1028 quos
828 948 1043 1030 perlegimus,
1073 947 1298 1031 inveniuntur,
1333 950 1376 1015 80

148 1061 233 1136 sunt,
259 1075 395 1135 quorum
419 1055 645 1122 terminationi
675 1056 757 1120 duae
782 1055 932 1138 syllabae
961 1062 1133 1137 correptae
1161 1057 1374 1122 antecedunt:

149 1163 274 1228 Boreas
310 1163 543 1244 fltvtphe'damas
577 1163 728 1246 Lapithes
767 1162 936 1245 Oedipodes
973 1162 1104 1228 similia.
1167 1163 1205 1228 In
1238 1163 1377 1229 dimidia

149 1270 253 1352 igitur
283 1270 351 1335 iere
376 1277 470 1352 parte
494 1271 637 1336 omniurn
667 1270 831 1336 nominum
855 1271 978 1336 Latina
1001 1270 1190 1336 terminatio
1216 1277 1248 1336 et
1271 1270 1376 1336 nomi-

148 1377 257 1444 nativi
281 1384 314 1442 et
337 1377 483 1445 vocativi
507 1378 679 1458 quominus
708 1378 742 1443 in
766 1378 967 1444 hexametris
991 1378 1121 1458 quidem
1144 1377 1294 1445 versibus
1318 1380 1376 1444 ad-

147 1485 330 1566 hiberetur,
355 1490 522 1550 structura
544 1487 719 1551 verborum
741 1485 816 1567 ipsa
839 1484 1026 1567 impedivit,
1055 1485 1121 1550 nisi
1145 1492 1260 1567 poetae
1285 1485 1376 1550 elisi-

149 1611 242 1657 onem
267 1592 422 1658 adhihere
439 1592 621 1658 voluerunt.
661 1592 707 1657 At
729 1598 845 1658 eontra
868 1592 1026 1658 nonnulla
1049 1591 1118 1658 alia
1134 1597 1209 1657 sunt
1233 1592 1374 1673 nomina,

148 1701 236 1780 apud
253 1704 375 1780 poetas,
403 1718 482 1779 quos
499 1699 724 1779 tractavimus
749 1704 832 1780 octo,
857 1704 894 1764 ut
912 1698 1050 1765 Glaucia
1065 1699 1214 1782 Marsya,
1240 1718 1375 1778 quorum

149 1806 354 1888 paenultima
375 1807 495 1889 brevis
525 1806 805 1888 antepaenultima
835 1806 936 1888 longa
960 1811 1018 1887 est,
1051 1814 1087 1871 ut
1111 1806 1241 1872 Graeca
1264 1806 1376 1872 termi-

149 1913 284 1978 natione
301 1920 434 1979 servata
458 1913 582 1979 cretica
597 1913 687 1994 fiant,
712 1913 830 1993 quihus
855 1913 888 1977 in
905 1913 1094 1978 hexametro
1119 1913 1210 1978 locus
1227 1933 1290 1978 non
1315 1921 1374 1979 est.

149 2022 212 2085 His
238 2027 347 2086 autem
371 2021 488 2086 iisdem
512 2020 698 2086 nominihus
723 2020 757 2084 in
781 2020 923 2086 senariis
944 2020 1095 2086 versibus
1119 2019 1250 2101 saepius
1274 2019 1375 2102 longa

148 2128 379 2194 terminatione
415 2147 495 2210 opus
531 2133 594 2210 est,
632 2146 693 2207 quo
718 2127 770 2209 fit,
806 2133 843 2192 ut
877 2129 964 2208 apud
999 2127 1185 2192 Martialem
1221 2128 1254 2192 X
1277 2129 1374 2206 62,9

147 2236 307 2317 Marsyas
340 2236 479 2317 legatur.
534 2234 645 2300 Etiam
680 2234 852 2301 vocativus
889 2234 1058 2300 Philoctete
1089 2233 1213 2316 (hlanil.
1237 2235 1374 2320 veho),

148 2361 232 2422 quae
267 2342 373 2408 forma
404 2360 506 2421 neque
538 2343 580 2407 ad
611 2342 811 2408 Graecorum
843 2360 946 2421 neque
977 2342 1020 2406 ad
1049 2341 1243 2406 Latinorum
1274 2341 1374 2406 deeli-

147 2449 251 2514 nandi
275 2449 424 2530 regulam
448 2455 632 2528 exaequata
656 2455 719 2529 est,
750 2468 810 2513 sua
834 2448 938 2531 ipsius
963 2453 1082 2513 natura
1106 2456 1156 2513 est
1178 2448 1373 2530 postulatae,

148 2574 220 2621 cum
245 2555 368 2620 Latina
397 2555 490 2622 brevi
518 2555 750 2622 terminatione
779 2555 918 2621 allectus
947 2556 981 2620 in
1005 2556 1192 2620 hexametro
1217 2555 1374 2621 collocari

146 2683 212 2728 non
236 2662 350 2744 possit.
398 2662 539 2728 Omnino
563 2663 715 2745 plurimis
743 2663 826 2729 locis
850 2663 936 2728 ratio
965 2662 1102 2728 metrica
1126 2662 1178 2728 vel
1203 2663 1375 2742 insequen-

144 2771 227 2835 tium
258 2769 311 2834 vel
343 2770 604 2835 antecedentium
635 2772 809 2836 verborum
840 2789 941 2835 causa
971 2776 1035 2850 est,
1068 2788 1125 2835 cur
1156 2777 1213 2835 aut
1244 2770 1374 2835 Graeca

144 2876 335 2943 terminatio
374 2883 524 2943 servetur
567 2884 624 2942 aut
660 2916 700 2923 —-
731 2878 833 2943 multo
865 2895 943 2943 sane
977 2877 1187 2958 paucioribus
1218 2877 1299 2942 loeis
1331 2915 1373 2923 —

144 2984 270 3050 Latina
292 2984 483 3065 recipiatur.
531 2984 727 3066 Exemplum
751 2984 846 3050 huius
870 2984 919 3049 rei
943 2986 1081 3065 praehet
1096 2984 1220 3050 Seneca
1245 2984 1373 3048 nomine

144 3092 290 3173 Laertae,
314 3093 399 3171 quod
422 3090 523 3183 semel
547 3092 689 3158 Graece:

272 3199 354 3283 Thy.
380 3199 462 3264 587:
495 3201 590 3283 repca
612 3199 742 3266 Laertes
765 3199 877 3266 Ithaca
901 3199 1051 3280 veteteno,

144 3305 247 3372 semel
269 3306 390 3371 Latine
413 3305 641 3371 terminatum:

275 3413 351 3479 Tro.
376 3414 457 3478 699:
490 3433 658 3496 ausosque,
684 3414 758 3478 deam
782 3419 809 3478 te
831 3414 949 3497 recipit,
975 3413 1117 3479 aenda
1140 3433 1215 3477 suos

488 3521 621 3588 Laerta:
645 3524 691 3586 sio
713 3527 741 3586 te
762 3521 884 3585 iuvenis
907 3521 1041 3602 aspiciat
1064 3520 1138 3586 tutis

144 3629 189 3695 ad
212 3647 342 3696 versum
365 3626 575 3692 efficiendum
604 3635 654 3692 est
677 3627 837 3692 idoneum.

235 3733 356 3800 Paucis
372 3733 441 3799 illis
457 3733 549 3816 locis
574 3734 692 3814 quibus
709 3733 847 3798 metrica
862 3733 1043 3798 necessitas
1066 3752 1131 3798 non
1149 3739 1267 3814 exstat,
1293 3751 1373 3798 ana-

143 3841 237 3923 logia
264 3841 318 3908 vel
349 3841 493 3906 eiusdem
524 3840 666 3907 nominis
701 3839 767 3906 alio
798 3840 871 3906 loco
903 3839 1000 3906 metri
1031 3859 1132 3905 causa
1163 3840 1292 3906 Graeca
1319 3840 1374 3905 vel

144 3947 270 4015 Latina
293 3948 525 4014 terminatione
556 3947 668 4014 affecti
691 3947 745 4015 vel
769 3947 907 4013 alterius
931 3948 1075 4014 eiusdem
1102 3946 1233 4029 generis
1256 3944 1372 4025 elficit,

144 4061 183 4122 ut
205 4056 286 4121 haec
309 4055 363 4122 vel
386 4055 447 4121 illa
470 4054 660 4122 terminatio
684 4055 890 4121 adhiheatur.

236 4201 265 4264 2.
290 4198 465 4265 Nominum
489 4199 525 4264 in
547 4221 602 4266 -os
626 4199 813 4264 exeuntium
834 4197 1042 4265 accusativus
1059 4197 1260 4263 Graecorum
1283 4214 1373 4260 more

145 4325 205 4388 per
235 4326 295 4372 -oa
324 4307 519 4372 terminatus
543 4313 646 4372 metro
671 4312 738 4372 tum
763 4305 962 4388 postulatur,
998 4323 1070 4369 oum
1102 4303 1196 4368 elisio
1221 4309 1297 4368 ante
1322 4322 1374 4368 se-

146 4420 297 4494 quentem
327 4415 475 4482 vocalem
513 4419 563 4480 est
592 4413 744 4496 vitanda,
783 4414 868 4493 quod
899 4412 941 4476 25
972 4417 1099 4477 tanturn
1130 4411 1212 4476 locis
1248 4409 1372 4475 factum

146 4539 356 4547 n—----.-—

238 4591 257 4658 ¹)
277 4589 457 4645 Sniehotta
476 4590 526 4646 l.c.
546 4607 571 4658 p.
585 4591 620 4644 52
631 4605 685 4658 sqq.

199 4731 350 4782 'ltwlonem
371 4732 403 4774 lle
419 4741 503 4774 vocum
520 4735 670 4775 Graecarum
686 4742 730 4774 usu
