3442 5324
954 398 999 465 20

576 611 608 680 εί
629 609 674 702 μὴ
697 637 730 680 τι
754 609 858 697 λέξεις
881 613 977 681 παιδί
1002 615 1049 699 τῷ
1073 614 1214 703 σαυτῆς·
1239 611 1313 680 ἐπεὶ

576 718 728 808 πάρεστι,
752 718 882 810 μαστὴρ
905 718 1033 811 πατρὸς
1056 719 1093 798 ὃς
1115 721 1210 811 πρὶν
1233 719 1345 807 ᾤχετο.

452 837 596 926 ,,νιρὶν“
621 837 780 905 vocabulo
811 857 876 904 non
904 837 1089 921 significari
1117 844 1244 921 tempus
1267 839 1496 905 nonnullorum
1520 839 1582 905 die-

360 965 432 1011 rum
457 945 686 1028 interpositum
711 946 768 1010 sed
796 945 902 1028 ipsum
926 965 989 1026 quo
1016 965 1070 1012 res
1099 945 1210 1029 agitur
1234 946 1320 1012 diem
1344 946 1451 1013 elucet
1474 966 1491 1012 e
1514 965 1583 1013 ver-

333 1061 337 1070 ·
362 1053 453 1120 sibus
479 1052 632 1120 739-40
654 1053 772 1133 quihus
796 1053 917 1138 Hyllus
941 1053 1039 1119 dicit:

578 1165 636 1235 τὸν
659 1164 765 1258 ἄνδρα
787 1165 844 1235 τὸν
869 1167 926 1236 σὸν
949 1171 1036 1248 leda,
1059 1167 1117 1235 τὸν
1140 1167 1170 1237 δ’
1186 1167 1265 1254 έμόν
1287 1169 1369 1256 λέγω

575 1274 715 1365 πατέρα,
739 1275 978 1343 κατακτείνασα
1000 1274 1080 1366 τῇδ’
1096 1273 1135 1343 έν
1158 1273 1293 1366 ἡμέρᾳ.

452 1394 544 1478 Quae
573 1413 627 1460 res
650 1393 761 1460 verbis
792 1394 897 1477 ipsius
920 1394 1075 1461 Herculis
1104 1394 1231 1462 reversi
1260 1397 1500 1478 comprobatur,
1532 1395 1582 1476 qui
1694 1427 1695 1488 3

362 1503 463 1587 Hyllo
487 1507 624 1568 matrem
648 1502 746 1584 culpo
770 1521 889 1568 vacere
912 1502 1062 1584 professo
1087 1504 1263 1584 respondet
1286 1501 1463 1589 (v.1128):

385 1615 456 1684 ἀλλ’
473 1615 550 1685 οὐδὲ
572 1615 633 1701 μέν
656 1615 697 1706 δὴ
720 1623 805 1695 τοῖς
826 1615 854 1703 γ’
870 1621 926 1703 (sc.
942 1615 1197 1707 ἡμαρτημένοις)
1222 1615 1279 1707 ἐφ’
1295 1614 1443 1706 ἡμέραν
1467 1617 1561 1707 ἐρεῖς.

452 1735 506 1800 Ex
529 1735 683 1801 Herculis
716 1734 818 1818 igitur
845 1735 950 1816 ipsius
979 1755 1035 1801 ore
1059 1735 1208 1802 audimus
1237 1754 1396 1816 eumque
1425 1736 1477 1801 die
1506 1754 1582 1802 uxor
1694 1731 1695 1814 ζ

329 1889 332 1894 -
360 1849 485 1909 vestem
515 1842 608 1908 illam
635 1842 853 1925 perniciosam
878 1842 1031 1924 misisset,
1065 1843 1176 1909 eodem
1204 1842 1357 1924 rediisse,
1389 1842 1411 1908 i.
1430 1861 1456 1908 e.
1486 1842 1581 1909 totius
1694 1849 1695 1932 ξ

363 1949 498 2016 fabulae
523 1949 685 2015 actionem
709 1949 852 2032 spatium
876 1950 973 2016 unius
998 1949 1064 2015 diei
1087 1969 1151 2015 non
1175 1950 1340 2016 excedere.
1694 1939 1695 1970 ³

450 2057 564 2138 Neque
594 2059 789 2124 adversatur
818 2057 887 2139 legi
915 2057 1149 2123 Aristotelicoe
1177 2057 1349 2139 Sophoclis
1381 2057 1581 2138 fabulaque

362 2165 577 2247 Oedipodis
611 2165 719 2247 regis
756 2165 828 2230 foto
864 2170 1067 2230 enarrentur.
1115 2164 1168 2230 Ibi
1202 2165 1287 2231 enim
1321 2164 1466 2246 Oedipus
1499 2169 1581 2246 post-

361 2291 458 2353 quam
482 2273 522 2338 de
546 2272 678 2339 oraculo
701 2271 866 2354 Apollinis
890 2271 1043 2354 Delphici
1069 2271 1190 2338 certior
1214 2271 1323 2338 factus
1346 2271 1511 2338 Tiresiam
1534 2289 1581 2336 or·
1694 2351 1695 2358 ἡ

362 2379 507 2461 cessivit,
531 2379 592 2446 hoc
616 2397 807 2462 responsum
831 2379 954 2462 accipit
978 2377 1020 2463 (v.
1038 2379 1131 2460 438l:

574 2491 654 2582 τῇδ’
675 2493 797 2584 ἡμέρᾳ
820 2492 937 2561 πεύσει
960 2517 1025 2584 σφε
1048 2495 1103 2562 καί
1126 2497 1318 2584 διαφθερεῖ.

451 2612 559 2693 Atque
583 2630 655 2678 cum
679 2611 824 2694 Oedipus
852 2631 912 2694 per
939 2618 1042 2677 totnm
1070 2611 1218 2678 sahulem
1247 2611 1330 2677 nihil
1355 2618 1435 2693 egat
1462 2611 1528 2677 nisi
1549 2617 1582 2675 ut

363 2719 523 2801 originem
547 2738 639 2784 suom
655 2737 767 2785 veram
791 2718 970 2801 investiget
993 2725 1091 2800 utque
1114 2725 1289 2802 postquam
1313 2718 1444 2801 ipsese
1468 2735 1582 2800 cogno-

362 2826 458 2908 verit,
483 2845 519 2892 se
534 2826 660 2909 perdat,
685 2827 768 2892 sctis
793 2844 953 2908 apparere
974 2826 1054 2891 mihi
1071 2826 1203 2893 videtur
1225 2827 1310 2892 hanc
1326 2825 1475 2892 fabulam
1498 2825 1582 2890 intro
1694 2911 1695 2924 ἦ

364 2952 462 2999 unum
486 2933 567 3000 solis
584 2933 757 3000 circuitum
772 2933 898 3015 peregi.
931 2933 1076 3017 Quocum
1092 2933 1300 3000 consentiunt
1323 2933 1447 3016 singuli
1462 2933 1528 3000 loci
1542 2931 1583 2997 hi.

453 3041 623 3108 Creontem
658 3041 744 3106 enim
776 3043 819 3107 ab
851 3040 977 3123 Oedipo
1013 3041 1172 3108 conviciis
1204 3041 1358 3107 effectum
1391 3059 1488 3122 quom
1521 3047 1583 3104 tur-

363 3148 510 3231 pissimis
538 3148 730 3230 Sophocles
764 3147 859 3228 quasi
892 3147 950 3213 ille
984 3148 1150 3215 fortunam
1179 3148 1298 3231 Oedipi
1331 3148 1472 3230 divinet,
1506 3145 1582 3213 fecit

364 3256 613 3337 respondentem
638 3253 681 3338 (v.
700 3255 881 3340 614-15);

575 3369 692 3461 χρόνος
715 3371 844 3438 δίκαιον
868 3368 973 3460 ἄνδρα
997 3371 1161 3438 δείκνυσιν
1184 3369 1305 3455 μόνος·

576 3479 693 3547 κακὸν
717 3478 759 3546 δέ
781 3475 849 3544 κᾶν
873 3477 912 3545 έν
936 3477 1059 3567 ἡμέρᾳ
1082 3477 1216 3567 γνοίης
1238 3481 1319 3566 μιᾷ.

451 3596 560 3676 Atque
592 3597 726 3663 nuntius
759 3596 911 3662 iocinore
943 3596 1029 3662 domi
1063 3597 1236 3662 commissa
1268 3596 1321 3662 his
1351 3595 1462 3662 verbis
1498 3597 1582 3660 foros

361 3703 530 3770 renuntiet
554 3703 819 3790 (ν.1282-84);

576 3818 592 3886 ί
617 3821 698 3909 πρὶν
721 3816 864 3896 παλαιὸς
888 3817 917 3885 δ’
933 3817 1030 3906 ὄλβος
1053 3811 1091 3909 ἡν
1114 3816 1263 3908 πάροιθε
1285 3817 1346 3903 μὲν

578 3924 675 4013 ὄλβος
698 3927 851 4003 δικαίως·
876 3929 943 3993 νῦν
967 3925 1008 3994 δὲ
1031 3928 1123 4016 τῇδε
1146 3925 1303 4017 θήμέρᾳ

578 4032 809 4120 στεναγμός,
834 4031 920 4123 ἄτη,
944 4032 1134 4119 θάνατος,
1159 4032 1326 4122 αἰσχύνη

450 4150 563 4218 Etiam
599 4153 694 4219 initio
733 4153 920 4219 Electrae
961 4152 1094 4218 subulae
1129 4147 1346 4236 comperimus
1386 4149 1532 4218 fabulum
1565 4166 1583 4211 σ

362 4259 468 4340 primo
493 4260 546 4326 die
570 4260 701 4326 initium
726 4280 859 4343 cepere3
893 4259 935 4324 cs.
961 4279 990 4325 v.
1012 4260 1157 4326 17-19:

576 4372 656 4464 ἡμίν
681 4372 741 4464 ἡδη
766 4373 946 4465 λαμπρὸν
970 4372 1082 4464 ἡλίου
1107 4374 1223 4452 σέλας

576 4481 651 4567 ἑῷα
674 4487 776 4549 κινεῖ
799 4479 992 4570 φθέγματ’
1016 4479 1189 4571 ὀρνίθων
1213 4487 1319 4571 σαφῆ

574 4587 714 4673 μέλαινά
737 4587 765 4654 τ’
782 4585 913 4677 ἄστρων
937 4587 1124 4656 ἐκλέλοιπεν
1147 4586 1301 4680 εὐφρόνη.
