<?xml version="1.0" encoding="UTF-8"?>
<!DOCTYPE html PUBLIC "-//W3C//DTD XHTML 1.0 Transitional//EN"
    "http://www.w3.org/TR/xhtml1/DTD/xhtml1-transitional.dtd">
<html xmlns="http://www.w3.org/1999/xhtml" xml:lang="en" lang="en">
 <head>
  <title>
</title>
<meta http-equiv="Content-Type" content="text/html;charset=utf-8" />
  <meta name='ocr-system' content='tesseract 3.04.00' />
  <meta name='ocr-capabilities' content='ocr_page ocr_carea ocr_par ocr_line ocrx_word'/>
</head>
<body>
  <div class='ocr_page' id='page_1' title='image "./deviatqueindole00cohngoog/deviatqueindole00cohngoog_0449.png"; bbox 0 0 3452 5316; ppageno 0'>
   <div class='ocr_carea' id='block_1_1' title="bbox 0 0 1 690">
    <p class='ocr_par' dir='ltr' id='par_1_1' title="bbox 0 0 1 690">
     <span class='ocr_line' id='line_1_1' title="bbox 0 0 1 690; baseline 0 0"><span class='ocrx_word' id='word_1_1' title='bbox 0 0 1 690; x_wconf 95' lang='lat' dir='ltr'> </span> 
     </span>
    </p>
   </div>
   <div class='ocr_carea' id='block_1_2' title="bbox 350 421 1584 1578">
    <p class='ocr_par' dir='ltr' id='par_1_2' title="bbox 352 421 1582 812">
     <span class='ocr_line' id='line_1_2' title="bbox 860 421 1072 522; baseline 0 0"><span class='ocrx_word' id='word_1_2' title='bbox 860 421 1072 522; x_wconf 47' lang='grc' dir='ltr'>Α,</span> 
     </span>
     <span class='ocr_line' id='line_1_3' title="bbox 352 634 1582 719; baseline -0.002 -16"><span class='ocrx_word' id='word_1_3' title='bbox 352 655 423 703; x_wconf 90' lang='lat' dir='ltr'>esse</span> <span class='ocrx_word' id='word_1_4' title='bbox 454 635 634 703; x_wconf 88' lang='lat' dir='ltr'>verisimile</span> <span class='ocrx_word' id='word_1_5' title='bbox 663 641 726 719; x_wconf 87' lang='lat' dir='ltr'>est,</span> <span class='ocrx_word' id='word_1_6' title='bbox 763 638 849 717; x_wconf 90' lang='lat' dir='ltr'>quod</span> <span class='ocrx_word' id='word_1_7' title='bbox 880 656 917 703; x_wconf 91' lang='lat' dir='ltr'>eo</span> <span class='ocrx_word' id='word_1_8' title='bbox 948 636 1077 703; x_wconf 85' lang='lat' dir='ltr'>iuvenis</span> <span class='ocrx_word' id='word_1_9' title='bbox 1106 635 1232 701; x_wconf 80' lang='lat' dir='ltr'><strong>Priami</strong></span> <span class='ocrx_word' id='word_1_10' title='bbox 1263 635 1353 702; x_wconf 89' lang='lat' dir='ltr'>filius</span> <span class='ocrx_word' id='word_1_11' title='bbox 1381 634 1582 718; x_wconf 88' lang='lat' dir='ltr'>nominatur,</span> 
     </span>
     <span class='ocr_line' id='line_1_4' title="bbox 353 743 1038 812; baseline -0.004 -1"><span class='ocrx_word' id='word_1_12' title='bbox 353 763 425 812; x_wconf 90' lang='lat' dir='ltr'>cum</span> <span class='ocrx_word' id='word_1_13' title='bbox 449 745 559 810; x_wconf 89' lang='lat' dir='ltr'>onmia</span> <span class='ocrx_word' id='word_1_14' title='bbox 582 750 694 810; x_wconf 87' lang='lat' dir='ltr'>cetera</span> <span class='ocrx_word' id='word_1_15' title='bbox 717 743 859 810; x_wconf 84' lang='lat' dir='ltr'>feminas</span> <span class='ocrx_word' id='word_1_16' title='bbox 883 744 1038 810; x_wconf 81' lang='lat' dir='ltr'>indicent.</span> 
     </span>
    </p>

    <p class='ocr_par' dir='ltr' id='par_1_3' title="bbox 350 841 1582 1150">
     <span class='ocr_line' id='line_1_5' title="bbox 439 841 1582 933; baseline -0.002 -16"><span class='ocrx_word' id='word_1_17' title='bbox 439 841 588 918; x_wconf 77' lang='lat' dir='ltr'>Eandem</span> <span class='ocrx_word' id='word_1_18' title='bbox 619 851 780 917; x_wconf 88' lang='lat' dir='ltr'>rationem</span> <span class='ocrx_word' id='word_1_19' title='bbox 811 851 958 918; x_wconf 88' lang='lat' dir='ltr'>vocativi</span> <span class='ocrx_word' id='word_1_20' title='bbox 989 851 1135 933; x_wconf 84' lang='lat' dir='ltr'>fingendi</span> <span class='ocrx_word' id='word_1_21' title='bbox 1166 850 1351 917; x_wconf 85' lang='lat' dir='ltr'>invenimus</span> <span class='ocrx_word' id='word_1_22' title='bbox 1381 851 1415 916; x_wconf 92' lang='lat' dir='ltr'>in</span> <span class='ocrx_word' id='word_1_23' title='bbox 1444 849 1582 916; x_wconf 89' lang='lat' dir='ltr'>Petroni</span> 
     </span>
     <span class='ocr_line' id='line_1_6' title="bbox 350 957 1582 1043; baseline -0.003 -17"><span class='ocrx_word' id='word_1_24' title='bbox 350 966 480 1043; x_wconf 87' lang='lat' dir='ltr'>satura,</span> <span class='ocrx_word' id='word_1_25' title='bbox 516 959 552 1025; x_wconf 96' lang='lat' dir='ltr'>in</span> <span class='ocrx_word' id='word_1_26' title='bbox 586 977 651 1039; x_wconf 88' lang='lat' dir='ltr'>qua</span> <span class='ocrx_word' id='word_1_27' title='bbox 681 959 806 1024; x_wconf 90' lang='lat' dir='ltr'>duobus</span> <span class='ocrx_word' id='word_1_28' title='bbox 836 958 918 1024; x_wconf 91' lang='lat' dir='ltr'>Iocis</span> <span class='ocrx_word' id='word_1_29' title='bbox 949 959 1113 1040; x_wconf 83' lang='lat' dir='ltr'>pedestris</span> <span class='ocrx_word' id='word_1_30' title='bbox 1147 957 1308 1024; x_wconf 90' lang='lat' dir='ltr'>sermonis</span> <span class='ocrx_word' id='word_1_31' title='bbox 1343 957 1436 1043; x_wconf 85' lang='lat'>(128,</span> <span class='ocrx_word' id='word_1_32' title='bbox 1455 958 1513 1040; x_wconf 86' lang='lat'>3,1</span> <span class='ocrx_word' id='word_1_33' title='bbox 1549 963 1582 1024; x_wconf 89' lang='lat' dir='ltr'>et</span> 
     </span>
     <span class='ocr_line' id='line_1_7' title="bbox 353 1065 844 1150; baseline -0.006 -17"><span class='ocrx_word' id='word_1_34' title='bbox 353 1067 521 1150; x_wconf 77' lang='lat'>131,7,1)</span> <span class='ocrx_word' id='word_1_35' title='bbox 551 1065 684 1150; x_wconf 76' lang='lat' dir='ltr'>Chrysis</span> <span class='ocrx_word' id='word_1_36' title='bbox 713 1065 844 1147; x_wconf 84' lang='lat' dir='ltr'>legitur.</span> 
     </span>
    </p>

    <p class='ocr_par' dir='ltr' id='par_1_4' title="bbox 350 1172 1584 1578">
     <span class='ocr_line' id='line_1_8' title="bbox 439 1172 1584 1254; baseline -0.002 -14"><span class='ocrx_word' id='word_1_37' title='bbox 439 1174 479 1240; x_wconf 87' lang='lat' dir='ltr'>In</span> <span class='ocrx_word' id='word_1_38' title='bbox 502 1174 630 1240; x_wconf 89' lang='lat' dir='ltr'>Lucani</span> <span class='ocrx_word' id='word_1_39' title='bbox 658 1179 768 1239; x_wconf 89' lang='lat' dir='ltr'>autem</span> <span class='ocrx_word' id='word_1_40' title='bbox 789 1173 874 1241; x_wconf 86' lang='lat' dir='ltr'><strong>VIII</strong></span> <span class='ocrx_word' id='word_1_41' title='bbox 902 1173 981 1239; x_wconf 89' lang='lat' dir='ltr'>libri</span> <span class='ocrx_word' id='word_1_42' title='bbox 1004 1191 1103 1240; x_wconf 85' lang='lat' dir='ltr'>versu</span> <span class='ocrx_word' id='word_1_43' title='bbox 1127 1173 1189 1238; x_wconf 83' lang='grc'>251</span> <span class='ocrx_word' id='word_1_44' title='bbox 1220 1179 1270 1239; x_wconf 90' lang='lat' dir='ltr'>tot</span> <span class='ocrx_word' id='word_1_45' title='bbox 1297 1172 1456 1254; x_wconf 86' lang='lat' dir='ltr'>exemplis</span> <span class='ocrx_word' id='word_1_46' title='bbox 1480 1190 1584 1254; x_wconf 81' lang='lat' dir='ltr'>supra</span> 
     </span>
     <span class='ocr_line' id='line_1_9' title="bbox 351 1280 1584 1361; baseline -0.002 -14"><span class='ocrx_word' id='word_1_47' title='bbox 351 1281 465 1348; x_wconf 86' lang='lat' dir='ltr'>allatis</span> <span class='ocrx_word' id='word_1_48' title='bbox 501 1286 679 1346; x_wconf 90' lang='lat' dir='ltr'>commotus</span> <span class='ocrx_word' id='word_1_49' title='bbox 718 1300 790 1346; x_wconf 91' lang='lat' dir='ltr'>cum</span> <span class='ocrx_word' id='word_1_50' title='bbox 829 1280 937 1361; x_wconf 88' lang='lat' dir='ltr'>prima</span> <span class='ocrx_word' id='word_1_51' title='bbox 970 1299 1069 1346; x_wconf 89' lang='lat' dir='ltr'>manu</span> <span class='ocrx_word' id='word_1_52' title='bbox 1104 1280 1227 1346; x_wconf 90' lang='lat' dir='ltr'>codicis</span> <span class='ocrx_word' id='word_1_53' title='bbox 1261 1281 1292 1345; x_wconf 90' lang='lat' dir='ltr'><strong>V</strong></span> <span class='ocrx_word' id='word_1_54' title='bbox 1327 1285 1360 1345; x_wconf 90' lang='lat' dir='ltr'>et</span> <span class='ocrx_word' id='word_1_55' title='bbox 1395 1285 1584 1346; x_wconf 88' lang='lat' dir='ltr'>correctore</span> 
     </span>
     <span class='ocr_line' id='line_1_10' title="bbox 352 1387 1583 1470; baseline -0.002 -14"><span class='ocrx_word' id='word_1_56' title='bbox 352 1388 475 1456; x_wconf 90' lang='lat' dir='ltr'>codicis</span> <span class='ocrx_word' id='word_1_57' title='bbox 491 1389 518 1453; x_wconf 89' lang='lat' dir='ltr'>Z</span> <span class='ocrx_word' id='word_1_58' title='bbox 541 1388 672 1455; x_wconf 76' lang='lat' dir='ltr'>Phaseli</span> <span class='ocrx_word' id='word_1_59' title='bbox 695 1388 901 1454; x_wconf 89' lang='lat' dir='ltr'>scribendum</span> <span class='ocrx_word' id='word_1_60' title='bbox 919 1407 990 1454; x_wconf 87' lang='lat' dir='ltr'>esse</span> <span class='ocrx_word' id='word_1_61' title='bbox 1005 1394 1094 1470; x_wconf 93' lang='lat' dir='ltr'>puto,</span> <span class='ocrx_word' id='word_1_62' title='bbox 1120 1406 1314 1468; x_wconf 87' lang='lat' dir='ltr'>quamquam</span> <span class='ocrx_word' id='word_1_63' title='bbox 1332 1387 1433 1452; x_wconf 89' lang='lat' dir='ltr'>ceteri</span> <span class='ocrx_word' id='word_1_64' title='bbox 1450 1387 1583 1453; x_wconf 89' lang='lat' dir='ltr'>codices</span> 
     </span>
     <span class='ocr_line' id='line_1_11' title="bbox 350 1495 1315 1578; baseline -0.002 -17"><span class='ocrx_word' id='word_1_65' title='bbox 350 1496 499 1563; x_wconf 84' lang='lat' dir='ltr'>Phaselis</span> <span class='ocrx_word' id='word_1_66' title='bbox 522 1498 690 1578; x_wconf 77' lang='lat' dir='ltr'>praebent,</span> <span class='ocrx_word' id='word_1_67' title='bbox 716 1495 801 1575; x_wconf 87' lang='lat' dir='ltr'>quod</span> <span class='ocrx_word' id='word_1_68' title='bbox 824 1495 948 1560; x_wconf 90' lang='lat' dir='ltr'>Hosius</span> <span class='ocrx_word' id='word_1_69' title='bbox 973 1495 1007 1560; x_wconf 83' lang='lat' dir='ltr'>tn</span> <span class='ocrx_word' id='word_1_70' title='bbox 1030 1500 1157 1560; x_wconf 84' lang='lat' dir='ltr'>textum</span> <span class='ocrx_word' id='word_1_71' title='bbox 1180 1495 1315 1576; x_wconf 88' lang='lat' dir='ltr'>recepit.</span> 
     </span>
    </p>
   </div>
   <div class='ocr_carea' id='block_1_3' title="bbox 349 1617 1584 4156">
    <p class='ocr_par' dir='ltr' id='par_1_5' title="bbox 349 1617 1584 2344">
     <span class='ocr_line' id='line_1_12' title="bbox 440 1617 1584 1702; baseline -0.003 -16"><span class='ocrx_word' id='word_1_72' title='bbox 440 1621 470 1686; x_wconf 89' lang='grc'>6.</span> <span class='ocrx_word' id='word_1_73' title='bbox 500 1619 653 1702; x_wconf 89' lang='lat' dir='ltr'>Nomina,</span> <span class='ocrx_word' id='word_1_74' title='bbox 679 1638 762 1699; x_wconf 89' lang='lat' dir='ltr'>quae</span> <span class='ocrx_word' id='word_1_75' title='bbox 786 1617 821 1683; x_wconf 92' lang='lat' dir='ltr'>in</span> <span class='ocrx_word' id='word_1_76' title='bbox 844 1642 916 1694; x_wconf 77' lang='grc' dir='ltr'><strong><em>-ευς</em></strong></span> <span class='ocrx_word' id='word_1_77' title='bbox 940 1624 1126 1702; x_wconf 82' lang='lat' dir='ltr'>excurrunt,</span> <span class='ocrx_word' id='word_1_78' title='bbox 1151 1619 1187 1685; x_wconf 92' lang='lat' dir='ltr'>in</span> <span class='ocrx_word' id='word_1_79' title='bbox 1210 1618 1325 1701; x_wconf 84' lang='lat' dir='ltr'>lingue</span> <span class='ocrx_word' id='word_1_80' title='bbox 1348 1619 1473 1684; x_wconf 88' lang='lat' dir='ltr'>Latina</span> <span class='ocrx_word' id='word_1_81' title='bbox 1496 1619 1584 1684; x_wconf 88' lang='lat' dir='ltr'>hanc</span> 
     </span>
     <span class='ocr_line' id='line_1_13' title="bbox 349 1724 1582 1811; baseline -0.002 -17"><span class='ocrx_word' id='word_1_82' title='bbox 349 1727 614 1794; x_wconf 77' lang='lat' dir='ltr'>terminationem</span> <span class='ocrx_word' id='word_1_83' title='bbox 643 1731 859 1793; x_wconf 87' lang='lat' dir='ltr'>servaverunt</span> <span class='ocrx_word' id='word_1_84' title='bbox 869 1724 902 1811; x_wconf 84' lang='grc'>1).</span> <span class='ocrx_word' id='word_1_85' title='bbox 950 1726 1055 1809; x_wconf 80' lang='lat' dir='ltr'>Quam</span> <span class='ocrx_word' id='word_1_86' title='bbox 1084 1727 1171 1808; x_wconf 89' lang='lat' dir='ltr'>apud</span> <span class='ocrx_word' id='word_1_87' title='bbox 1199 1732 1314 1808; x_wconf 85' lang='lat' dir='ltr'>poetes</span> <span class='ocrx_word' id='word_1_88' title='bbox 1344 1729 1385 1792; x_wconf 88' lang='lat' dir='ltr'>ab</span> <span class='ocrx_word' id='word_1_89' title='bbox 1410 1725 1499 1791; x_wconf 79' lang='lat' dir='ltr'>Enni</span> <span class='ocrx_word' id='word_1_90' title='bbox 1527 1745 1582 1791; x_wconf 93' lang='lat' dir='ltr'>us-</span> 
     </span>
     <span class='ocr_line' id='line_1_14' title="bbox 350 1832 1582 1918; baseline -0.001 -18"><span class='ocrx_word' id='word_1_91' title='bbox 350 1855 416 1918; x_wconf 90' lang='lat' dir='ltr'>que</span> <span class='ocrx_word' id='word_1_92' title='bbox 435 1837 477 1900; x_wconf 90' lang='lat' dir='ltr'>ad</span> <span class='ocrx_word' id='word_1_93' title='bbox 493 1833 623 1916; x_wconf 83' lang='lat' dir='ltr'>Vergili</span> <span class='ocrx_word' id='word_1_94' title='bbox 647 1839 796 1915; x_wconf 88' lang='lat' dir='ltr'>tempora</span> <span class='ocrx_word' id='word_1_95' title='bbox 819 1853 916 1898; x_wconf 91' lang='lat' dir='ltr'>unam</span> <span class='ocrx_word' id='word_1_96' title='bbox 941 1834 1105 1918; x_wconf 88' lang='lat' dir='ltr'>syllabam</span> <span class='ocrx_word' id='word_1_97' title='bbox 1130 1832 1234 1899; x_wconf 84' lang='lat' dir='ltr'>fuisse</span> <span class='ocrx_word' id='word_1_98' title='bbox 1251 1833 1424 1899; x_wconf 85' lang='lat' dir='ltr'>Sniehotta</span> <span class='ocrx_word' id='word_1_99' title='bbox 1447 1835 1582 1900; x_wconf 91' lang='lat' dir='ltr'>demon-</span> 
     </span>
     <span class='ocr_line' id='line_1_15' title="bbox 349 1941 1581 2025; baseline -0.002 -17"><span class='ocrx_word' id='word_1_100' title='bbox 349 1941 480 2009; x_wconf 87' lang='lat' dir='ltr'>stravit.</span> <span class='ocrx_word' id='word_1_101' title='bbox 528 1941 592 2025; x_wconf 80' lang='lat' dir='ltr'>Qui</span> <span class='ocrx_word' id='word_1_102' title='bbox 623 1960 695 2006; x_wconf 93' lang='lat' dir='ltr'>cum</span> <span class='ocrx_word' id='word_1_103' title='bbox 726 1941 922 2006; x_wconf 88' lang='lat' dir='ltr'>confiteatur</span> <span class='ocrx_word' id='word_1_104' title='bbox 952 1960 1112 2024; x_wconf 86' lang='lat' dir='ltr'>,quonam</span> <span class='ocrx_word' id='word_1_105' title='bbox 1135 1941 1229 2006; x_wconf 91' lang='lat' dir='ltr'>modo</span> <span class='ocrx_word' id='word_1_106' title='bbox 1253 1947 1385 2022; x_wconf 88' lang='lat' dir='ltr'>poetae,</span> <span class='ocrx_word' id='word_1_107' title='bbox 1418 1941 1475 2020; x_wconf 90' lang='lat' dir='ltr'>qui</span> <span class='ocrx_word' id='word_1_108' title='bbox 1503 1947 1581 2023; x_wconf 90' lang='lat' dir='ltr'>post</span> 
     </span>
     <span class='ocr_line' id='line_1_16' title="bbox 350 2047 1580 2130; baseline -0.002 -14"><span class='ocrx_word' id='word_1_109' title='bbox 350 2049 505 2116; x_wconf 90' lang='lat' dir='ltr'>Ovidium</span> <span class='ocrx_word' id='word_1_110' title='bbox 535 2048 678 2130; x_wconf 86' lang='lat' dir='ltr'>luerunt,</span> <span class='ocrx_word' id='word_1_111' title='bbox 710 2047 762 2114; x_wconf 91' lang='lat' dir='ltr'>his</span> <span class='ocrx_word' id='word_1_112' title='bbox 790 2048 921 2128; x_wconf 90' lang='lat' dir='ltr'>quidem</span> <span class='ocrx_word' id='word_1_113' title='bbox 949 2048 1135 2114; x_wconf 90' lang='lat' dir='ltr'>nominibus</span> <span class='ocrx_word' id='word_1_114' title='bbox 1163 2047 1215 2114; x_wconf 89' lang='lat' dir='ltr'>usi</span> <span class='ocrx_word' id='word_1_115' title='bbox 1245 2047 1326 2129; x_wconf 90' lang='lat' dir='ltr'>sint,</span> <span class='ocrx_word' id='word_1_116' title='bbox 1358 2066 1393 2113; x_wconf 92' lang='lat' dir='ltr'>se</span> <span class='ocrx_word' id='word_1_117' title='bbox 1417 2049 1580 2130; x_wconf 79' lang='lat' dir='ltr'>nescire“,</span> 
     </span>
     <span class='ocr_line' id='line_1_17' title="bbox 350 2155 1580 2238; baseline -0.001 -17"><span class='ocrx_word' id='word_1_118' title='bbox 350 2156 553 2237; x_wconf 85' lang='lat' dir='ltr'>mihiquem</span> <span class='ocrx_word' id='word_1_119' title='bbox 581 2157 743 2221; x_wconf 89' lang='lat' dir='ltr'>rationem</span> <span class='ocrx_word' id='word_1_120' title='bbox 772 2155 824 2220; x_wconf 94' lang='lat' dir='ltr'>illi</span> <span class='ocrx_word' id='word_1_121' title='bbox 847 2162 965 2236; x_wconf 88' lang='lat' dir='ltr'>poetae</span> <span class='ocrx_word' id='word_1_122' title='bbox 988 2155 1134 2238; x_wconf 85' lang='lat' dir='ltr'>inierint,</span> <span class='ocrx_word' id='word_1_123' title='bbox 1163 2155 1392 2236; x_wconf 87' lang='lat' dir='ltr'>inquirendum</span> <span class='ocrx_word' id='word_1_124' title='bbox 1417 2163 1477 2222; x_wconf 88' lang='lat' dir='ltr'>est.</span> <span class='ocrx_word' id='word_1_125' title='bbox 1526 2156 1580 2220; x_wconf 91' lang='lat' dir='ltr'>In-</span> 
     </span>
     <span class='ocr_line' id='line_1_18' title="bbox 350 2262 1076 2344; baseline -0.004 -15"><span class='ocrx_word' id='word_1_126' title='bbox 350 2263 527 2329; x_wconf 89' lang='lat' dir='ltr'>veniuntur</span> <span class='ocrx_word' id='word_1_127' title='bbox 549 2263 645 2328; x_wconf 93' lang='lat' dir='ltr'>huius</span> <span class='ocrx_word' id='word_1_128' title='bbox 669 2263 800 2344; x_wconf 85' lang='lat' dir='ltr'>generis</span> <span class='ocrx_word' id='word_1_129' title='bbox 824 2263 957 2328; x_wconf 79' lang='lat' dir='ltr'>numius</span> <span class='ocrx_word' id='word_1_130' title='bbox 979 2262 1076 2328; x_wconf 86' lang='lat' dir='ltr'>haec:</span> 
     </span>
    </p>

    <p class='ocr_par' dir='ltr' id='par_1_6' title="bbox 350 2370 1583 3206">
     <span class='ocr_line' id='line_1_19' title="bbox 441 2370 1581 2454; baseline 0.001 -19"><span class='ocrx_word' id='word_1_131' title='bbox 441 2371 628 2436; x_wconf 76' lang='lat' dir='ltr'>Acharneus</span> <span class='ocrx_word' id='word_1_132' title='bbox 651 2371 809 2436; x_wconf 81' lang='lat' dir='ltr'>Aconteus</span> <span class='ocrx_word' id='word_1_133' title='bbox 839 2370 980 2436; x_wconf 75' lang='lat' dir='ltr'>Acoreus</span> <span class='ocrx_word' id='word_1_134' title='bbox 1011 2375 1136 2454; x_wconf 88' lang='lat' dir='ltr'>Ayreus</span> <span class='ocrx_word' id='word_1_135' title='bbox 1165 2371 1318 2454; x_wconf 83' lang='lat' dir='ltr'>Ayylleus</span> <span class='ocrx_word' id='word_1_136' title='bbox 1350 2371 1473 2436; x_wconf 88' lang='lat' dir='ltr'>Alaeus</span> <span class='ocrx_word' id='word_1_137' title='bbox 1497 2371 1581 2436; x_wconf 75' lang='lat' dir='ltr'>Ala·</span> 
     </span>
     <span class='ocr_line' id='line_1_20' title="bbox 350 2476 1581 2560; baseline -0.006 -15"><span class='ocrx_word' id='word_1_138' title='bbox 350 2487 435 2546; x_wconf 88' lang='lat' dir='ltr'>treus</span> <span class='ocrx_word' id='word_1_139' title='bbox 472 2479 592 2543; x_wconf 89' lang='lat' dir='ltr'>Aloeus</span> <span class='ocrx_word' id='word_1_140' title='bbox 631 2477 750 2544; x_wconf 82' lang='lat' dir='ltr'>Atreus</span> <span class='ocrx_word' id='word_1_141' title='bbox 788 2476 947 2543; x_wconf 81' lang='lat' dir='ltr'>Briareus</span> <span class='ocrx_word' id='word_1_142' title='bbox 988 2476 1151 2560; x_wconf 79' lang='lat' dir='ltr'>Capareas</span> <span class='ocrx_word' id='word_1_143' title='bbox 1191 2476 1370 2559; x_wconf 81' lang='lat' dir='ltr'>Caphereus</span> <span class='ocrx_word' id='word_1_144' title='bbox 1410 2477 1581 2544; x_wconf 73' lang='lat' dir='ltr'>Celaeneus</span> 
     </span>
     <span class='ocr_line' id='line_1_21' title="bbox 353 2583 1581 2668; baseline -0.004 -14"><span class='ocrx_word' id='word_1_145' title='bbox 353 2585 492 2668; x_wconf 77' lang='lat' dir='ltr'>Cepheus</span> <span class='ocrx_word' id='word_1_146' title='bbox 533 2583 680 2652; x_wconf 83' lang='lat' dir='ltr'>Oretheus</span> <span class='ocrx_word' id='word_1_147' title='bbox 717 2584 861 2651; x_wconf 84' lang='lat' dir='ltr'>Dorceus</span> <span class='ocrx_word' id='word_1_148' title='bbox 899 2585 1043 2667; x_wconf 76' lang='lat' dir='ltr'>Enipeus</span> <span class='ocrx_word' id='word_1_149' title='bbox 1086 2585 1217 2668; x_wconf 84' lang='lat' dir='ltr'>Enyeus</span> <span class='ocrx_word' id='word_1_150' title='bbox 1258 2583 1389 2650; x_wconf 72' lang='lat' dir='ltr'>Garamas</span> <span class='ocrx_word' id='word_1_151' title='bbox 1430 2583 1581 2668; x_wconf 79' lang='lat' dir='ltr'>Gyareus</span> 
     </span>
     <span class='ocr_line' id='line_1_22' title="bbox 350 2692 1580 2776; baseline 0 -18"><span class='ocrx_word' id='word_1_152' title='bbox 350 2693 493 2776; x_wconf 82' lang='lat' dir='ltr'>Hopleus</span> <span class='ocrx_word' id='word_1_153' title='bbox 522 2692 671 2776; x_wconf 77' lang='lat' dir='ltr'>Hypseus</span> <span class='ocrx_word' id='word_1_154' title='bbox 699 2693 884 2759; x_wconf 77' lang='lat' dir='ltr'>Idomeneus</span> <span class='ocrx_word' id='word_1_155' title='bbox 912 2692 1064 2758; x_wconf 82' lang='lat' dir='ltr'>Leonteus</span> <span class='ocrx_word' id='word_1_156' title='bbox 1095 2692 1240 2774; x_wconf 80' lang='lat' dir='ltr'>Lynceus</span> <span class='ocrx_word' id='word_1_157' title='bbox 1273 2692 1443 2776; x_wconf 84' lang='lat' dir='ltr'>Meyareus</span> <span class='ocrx_word' id='word_1_158' title='bbox 1472 2692 1580 2758; x_wconf 86' lang='lat' dir='ltr'>Mela·</span> 
     </span>
     <span class='ocr_line' id='line_1_23' title="bbox 351 2797 1583 2868; baseline -0.002 0"><span class='ocrx_word' id='word_1_159' title='bbox 351 2823 428 2868; x_wconf 90' lang='lat' dir='ltr'>nens</span> <span class='ocrx_word' id='word_1_160' title='bbox 451 2801 652 2868; x_wconf 80' lang='lat' dir='ltr'>Menestheus</span> <span class='ocrx_word' id='word_1_161' title='bbox 674 2801 859 2868; x_wconf 86' lang='lat' dir='ltr'>Menoeceus</span> <span class='ocrx_word' id='word_1_162' title='bbox 882 2800 1006 2866; x_wconf 88' lang='lat' dir='ltr'>Nereus</span> <span class='ocrx_word' id='word_1_163' title='bbox 1030 2801 1151 2866; x_wconf 80' lang='lat' dir='ltr'>Nireus</span> <span class='ocrx_word' id='word_1_164' title='bbox 1176 2797 1298 2866; x_wconf 88' lang='lat' dir='ltr'>Ocheus</span> <span class='ocrx_word' id='word_1_165' title='bbox 1324 2798 1445 2866; x_wconf 82' lang='lat' dir='ltr'>Ocracus</span> <span class='ocrx_word' id='word_1_166' title='bbox 1472 2797 1583 2866; x_wconf 77' lang='lat' dir='ltr'>Oilcrcs</span> 
     </span>
     <span class='ocr_line' id='line_1_24' title="bbox 355 2906 1582 2992; baseline -0.001 -18"><span class='ocrx_word' id='word_1_167' title='bbox 355 2909 497 2992; x_wconf 90' lang='lat' dir='ltr'>Orpheus</span> <span class='ocrx_word' id='word_1_168' title='bbox 527 2908 696 2990; x_wconf 88' lang='lat' dir='ltr'>Panopeus</span> <span class='ocrx_word' id='word_1_169' title='bbox 732 2909 844 2974; x_wconf 90' lang='lat' dir='ltr'>Peleus</span> <span class='ocrx_word' id='word_1_170' title='bbox 880 2907 1035 2974; x_wconf 75' lang='lat' dir='ltr'>Pentheus</span> <span class='ocrx_word' id='word_1_171' title='bbox 1065 2908 1202 2973; x_wconf 89' lang='lat' dir='ltr'>Perseus</span> <span class='ocrx_word' id='word_1_172' title='bbox 1233 2907 1407 2973; x_wconf 86' lang='lat' dir='ltr'>Phalereus</span> <span class='ocrx_word' id='word_1_173' title='bbox 1438 2906 1582 2991; x_wconf 83' lang='lat' dir='ltr'>Pheyeus</span> 
     </span>
     <span class='ocr_line' id='line_1_25' title="bbox 351 3013 1581 3098; baseline 0 -19"><span class='ocrx_word' id='word_1_174' title='bbox 351 3016 492 3082; x_wconf 83' lang='lat' dir='ltr'>Phineus</span> <span class='ocrx_word' id='word_1_175' title='bbox 515 3016 657 3082; x_wconf 88' lang='lat' dir='ltr'>Phoceus</span> <span class='ocrx_word' id='word_1_176' title='bbox 681 3015 865 3081; x_wconf 86' lang='lat' dir='ltr'>Phoroncus</span> <span class='ocrx_word' id='word_1_177' title='bbox 894 3013 1034 3098; x_wconf 86' lang='lat' dir='ltr'>Phyleus</span> <span class='ocrx_word' id='word_1_178' title='bbox 1058 3014 1244 3080; x_wconf 87' lang='lat' dir='ltr'>Porthmeus</span> <span class='ocrx_word' id='word_1_179' title='bbox 1271 3013 1475 3080; x_wconf 85' lang='lat' dir='ltr'>Prometheus</span> <span class='ocrx_word' id='word_1_180' title='bbox 1499 3013 1581 3079; x_wconf 89' lang='lat' dir='ltr'>Pro·</span> 
     </span>
     <span class='ocr_line' id='line_1_26' title="bbox 350 3122 1516 3206; baseline -0.003 -16"><span class='ocrx_word' id='word_1_181' title='bbox 350 3131 418 3191; x_wconf 85' lang='lat' dir='ltr'>tens</span> <span class='ocrx_word' id='word_1_182' title='bbox 440 3124 595 3206; x_wconf 81' lang='lat' dir='ltr'>Rhytieus</span> <span class='ocrx_word' id='word_1_183' title='bbox 619 3123 805 3189; x_wconf 79' lang='lat' dir='ltr'>Salmoneus</span> <span class='ocrx_word' id='word_1_184' title='bbox 831 3123 968 3188; x_wconf 88' lang='lat' dir='ltr'>Theseus</span> <span class='ocrx_word' id='word_1_185' title='bbox 993 3123 1161 3205; x_wconf 80' lang='lat' dir='ltr'>Thyoneus</span> <span class='ocrx_word' id='word_1_186' title='bbox 1186 3123 1314 3205; x_wconf 83' lang='lat' dir='ltr'>Tydeus</span> <span class='ocrx_word' id='word_1_187' title='bbox 1339 3122 1516 3205; x_wconf 83' lang='lat' dir='ltr'>Typhoeus.</span> 
     </span>
    </p>

    <p class='ocr_par' dir='ltr' id='par_1_7' title="bbox 351 3229 1581 3420">
     <span class='ocr_line' id='line_1_27' title="bbox 441 3229 1581 3312; baseline -0.001 -16"><span class='ocrx_word' id='word_1_188' title='bbox 441 3232 534 3297; x_wconf 88' lang='lat' dir='ltr'>Haeo</span> <span class='ocrx_word' id='word_1_189' title='bbox 558 3231 600 3297; x_wconf 85' lang='lat'>54</span> <span class='ocrx_word' id='word_1_190' title='bbox 624 3231 758 3296; x_wconf 88' lang='lat' dir='ltr'>neruiue</span> <span class='ocrx_word' id='word_1_191' title='bbox 781 3231 936 3312; x_wconf 81' lang='lat' dir='ltr'>legantur</span> <span class='ocrx_word' id='word_1_192' title='bbox 960 3231 1023 3295; x_wconf 90' lang='grc'>284</span> <span class='ocrx_word' id='word_1_193' title='bbox 1047 3229 1140 3311; x_wconf 80' lang='lat' dir='ltr'>IooiS,</span> <span class='ocrx_word' id='word_1_194' title='bbox 1171 3249 1306 3310; x_wconf 87' lang='lat' dir='ltr'>quorum</span> <span class='ocrx_word' id='word_1_195' title='bbox 1331 3231 1395 3295; x_wconf 83' lang='lat'>226</span> <span class='ocrx_word' id='word_1_196' title='bbox 1419 3229 1456 3295; x_wconf 87' lang='lat' dir='ltr'>iu</span> <span class='ocrx_word' id='word_1_197' title='bbox 1478 3230 1581 3296; x_wconf 81' lang='lat' dir='ltr'>hexa-</span> 
     </span>
     <span class='ocr_line' id='line_1_28' title="bbox 351 3337 1427 3420; baseline -0.001 -17"><span class='ocrx_word' id='word_1_198' title='bbox 351 3338 475 3420; x_wconf 77' lang='lat' dir='ltr'>metris</span> <span class='ocrx_word' id='word_1_199' title='bbox 500 3338 543 3403; x_wconf 88' lang='grc'>36</span> <span class='ocrx_word' id='word_1_200' title='bbox 567 3337 602 3403; x_wconf 92' lang='lat' dir='ltr'>in</span> <span class='ocrx_word' id='word_1_201' title='bbox 625 3337 776 3419; x_wconf 88' lang='lat' dir='ltr'>senariis,</span> <span class='ocrx_word' id='word_1_202' title='bbox 803 3339 845 3401; x_wconf 93' lang='grc'>22</span> <span class='ocrx_word' id='word_1_203' title='bbox 868 3337 904 3403; x_wconf 92' lang='lat' dir='ltr'>in</span> <span class='ocrx_word' id='word_1_204' title='bbox 928 3337 1005 3403; x_wconf 87' lang='lat' dir='ltr'>aliis</span> <span class='ocrx_word' id='word_1_205' title='bbox 1031 3337 1182 3403; x_wconf 87' lang='lat' dir='ltr'>versibus</span> <span class='ocrx_word' id='word_1_206' title='bbox 1206 3337 1427 3402; x_wconf 82' lang='lat' dir='ltr'>Inveniuntur.</span> 
     </span>
    </p>

    <p class='ocr_par' dir='ltr' id='par_1_8' title="bbox 440 3444 1419 3527">
     <span class='ocr_line' id='line_1_29' title="bbox 440 3444 1419 3527; baseline -0.001 -16"><span class='ocrx_word' id='word_1_207' title='bbox 440 3446 511 3512; x_wconf 88' lang='lat' dir='ltr'>Iam</span> <span class='ocrx_word' id='word_1_208' title='bbox 536 3447 578 3511; x_wconf 87' lang='lat' dir='ltr'>ed</span> <span class='ocrx_word' id='word_1_209' title='bbox 601 3444 750 3527; x_wconf 84' lang='lat' dir='ltr'>singulos</span> <span class='ocrx_word' id='word_1_210' title='bbox 774 3445 952 3526; x_wconf 86' lang='lat' dir='ltr'>scriptores</span> <span class='ocrx_word' id='word_1_211' title='bbox 976 3446 1230 3526; x_wconf 88' lang='lat' dir='ltr'>perscrutandos</span> <span class='ocrx_word' id='word_1_212' title='bbox 1255 3446 1419 3510; x_wconf 86' lang='lat' dir='ltr'>adeamus.</span> 
     </span>
    </p>

    <p class='ocr_par' dir='ltr' id='par_1_9' title="bbox 351 3551 1578 3743">
     <span class='ocr_line' id='line_1_30' title="bbox 440 3551 1578 3634; baseline 0 -16"><span class='ocrx_word' id='word_1_213' title='bbox 440 3554 490 3618; x_wconf 87' lang='lat' dir='ltr'>Ac</span> <span class='ocrx_word' id='word_1_214' title='bbox 513 3553 653 3634; x_wconf 82' lang='lat' dir='ltr'>prImum</span> <span class='ocrx_word' id='word_1_215' title='bbox 677 3552 807 3632; x_wconf 89' lang='lat' dir='ltr'>quidem</span> <span class='ocrx_word' id='word_1_216' title='bbox 835 3552 1025 3618; x_wconf 89' lang='lat' dir='ltr'>Manilius</span> <span class='ocrx_word' id='word_1_217' title='bbox 1053 3571 1170 3618; x_wconf 89' lang='lat' dir='ltr'>nomen</span> <span class='ocrx_word' id='word_1_218' title='bbox 1193 3551 1328 3619; x_wconf 86' lang='lat' dir='ltr'>Perseus</span> <span class='ocrx_word' id='word_1_219' title='bbox 1357 3559 1409 3618; x_wconf 93' lang='lat' dir='ltr'>ter</span> <span class='ocrx_word' id='word_1_220' title='bbox 1432 3553 1484 3618; x_wconf 91' lang='lat' dir='ltr'>ita</span> <span class='ocrx_word' id='word_1_221' title='bbox 1507 3571 1578 3620; x_wconf 84' lang='lat' dir='ltr'>ver-</span> 
     </span>
     <span class='ocr_line' id='line_1_31' title="bbox 351 3657 1577 3743; baseline -0.003 -17"><span class='ocrx_word' id='word_1_222' title='bbox 351 3661 403 3726; x_wconf 87' lang='lat' dir='ltr'>sui</span> <span class='ocrx_word' id='word_1_223' title='bbox 426 3660 576 3742; x_wconf 87' lang='lat' dir='ltr'>inseruit,</span> <span class='ocrx_word' id='word_1_224' title='bbox 601 3665 638 3725; x_wconf 89' lang='lat' dir='ltr'>ut</span> <span class='ocrx_word' id='word_1_225' title='bbox 658 3659 847 3725; x_wconf 88' lang='lat' dir='ltr'>terminatio</span> <span class='ocrx_word' id='word_1_226' title='bbox 871 3681 942 3725; x_wconf 88' lang='lat' dir='ltr'>-eus</span> <span class='ocrx_word' id='word_1_227' title='bbox 965 3659 1098 3724; x_wconf 88' lang='lat' dir='ltr'>induas</span> <span class='ocrx_word' id='word_1_228' title='bbox 1122 3658 1270 3743; x_wconf 88' lang='lat' dir='ltr'>syllabas</span> <span class='ocrx_word' id='word_1_229' title='bbox 1294 3659 1406 3724; x_wconf 83' lang='lat' dir='ltr'>dirImi</span> <span class='ocrx_word' id='word_1_230' title='bbox 1423 3657 1577 3742; x_wconf 59' lang='lat' dir='ltr'>possith:</span> 
     </span>
    </p>

    <p class='ocr_par' dir='ltr' id='par_1_10' title="bbox 468 3765 1475 4156">
     <span class='ocr_line' id='line_1_32' title="bbox 479 3765 1382 3849; baseline -0.001 -16"><span class='ocrx_word' id='word_1_231' title='bbox 479 3767 601 3833; x_wconf 80' lang='lat'>1350:</span> <span class='ocrx_word' id='word_1_232' title='bbox 896 3819 901 3830; x_wconf 94' lang='lat'>.</span> <span class='ocrx_word' id='word_1_233' title='bbox 928 3819 934 3831; x_wconf 98' lang='lat'>.</span> <span class='ocrx_word' id='word_1_234' title='bbox 962 3818 967 3830; x_wconf 94' lang='lat'>.</span> <span class='ocrx_word' id='word_1_235' title='bbox 1004 3788 1099 3849; x_wconf 73' lang='lat' dir='ltr'>qucum</span> <span class='ocrx_word' id='word_1_236' title='bbox 1123 3765 1259 3832; x_wconf 88' lang='lat' dir='ltr'>Perseus</span> <span class='ocrx_word' id='word_1_237' title='bbox 1282 3769 1382 3833; x_wconf 80' lang='lat' dir='ltr'>arenis</span> 
     </span>
     <span class='ocr_line' id='line_1_33' title="bbox 637 3874 1002 3957; baseline -0.004 -17"><span class='ocrx_word' id='word_1_238' title='bbox 637 3875 747 3957; x_wconf 73' lang='lat' dir='ltr'>Erpa</span> <span class='ocrx_word' id='word_1_239' title='bbox 769 3882 797 3941; x_wconf 83' lang='lat' dir='ltr'>u</span> <span class='ocrx_word' id='word_1_240' title='bbox 819 3876 917 3941; x_wconf 76' lang='lat' dir='ltr'>secur</span> <span class='ocrx_word' id='word_1_241' title='bbox 940 3874 1002 3939; x_wconf 68' lang='lat' dir='ltr'>uon</span> 
     </span>
     <span class='ocr_line' id='line_1_34' title="bbox 468 3981 1475 4064; baseline -0.003 -14"><span class='ocrx_word' id='word_1_242' title='bbox 468 3984 499 4050; x_wconf 87' lang='lat' dir='ltr'><strong>V</strong></span> <span class='ocrx_word' id='word_1_243' title='bbox 522 3984 604 4048; x_wconf 79' lang='lat'>594:</span> <span class='ocrx_word' id='word_1_244' title='bbox 637 3982 774 4048; x_wconf 86' lang='lat' dir='ltr'>Perseus</span> <span class='ocrx_word' id='word_1_245' title='bbox 797 3989 825 4048; x_wconf 91' lang='lat' dir='ltr'>et</span> <span class='ocrx_word' id='word_1_246' title='bbox 848 3981 931 4047; x_wconf 90' lang='lat' dir='ltr'>caelo</span> <span class='ocrx_word' id='word_1_247' title='bbox 953 3983 1089 4064; x_wconf 78' lang='lat' dir='ltr'>penderes</span> <span class='ocrx_word' id='word_1_248' title='bbox 1117 3983 1279 4048; x_wconf 82' lang='lat' dir='ltr'>inculatur</span> <span class='ocrx_word' id='word_1_249' title='bbox 1298 3983 1334 4047; x_wconf 84' lang='lat' dir='ltr'>in</span> <span class='ocrx_word' id='word_1_250' title='bbox 1356 3983 1475 4048; x_wconf 88' lang='lat' dir='ltr'>hostem</span> 
     </span>
     <span class='ocr_line' id='line_1_35' title="bbox 522 4090 1341 4156; baseline -0.005 0"><span class='ocrx_word' id='word_1_251' title='bbox 522 4091 603 4156; x_wconf 85' lang='lat'>601:</span> <span class='ocrx_word' id='word_1_252' title='bbox 637 4090 773 4156; x_wconf 88' lang='lat' dir='ltr'>Perseus</span> <span class='ocrx_word' id='word_1_253' title='bbox 797 4097 824 4156; x_wconf 92' lang='lat' dir='ltr'>et</span> <span class='ocrx_word' id='word_1_254' title='bbox 848 4091 905 4155; x_wconf 86' lang='lat' dir='ltr'>cell</span> <span class='ocrx_word' id='word_1_255' title='bbox 928 4090 1089 4156; x_wconf 81' lang='lat' dir='ltr'>subeuntis</span> <span class='ocrx_word' id='word_1_256' title='bbox 1112 4090 1252 4156; x_wconf 74' lang='lat' dir='ltr'>umhmat</span> <span class='ocrx_word' id='word_1_257' title='bbox 1274 4111 1341 4156; x_wconf 90' lang='lat' dir='ltr'>ora.</span> 
     </span>
    </p>
   </div>
   <div class='ocr_carea' id='block_1_4' title="bbox 352 4265 1579 4516">
    <p class='ocr_par' dir='ltr' id='par_1_11' title="bbox 352 4265 1579 4516">
     <span class='ocr_line' id='line_1_36' title="bbox 443 4265 1578 4355; baseline -0.002 -33"><span class='ocrx_word' id='word_1_258' title='bbox 443 4267 462 4338; x_wconf 88' lang='lat'>¹)</span> <span class='ocrx_word' id='word_1_259' title='bbox 486 4268 575 4322; x_wconf 87' lang='lat' dir='ltr'>Neue</span> <span class='ocrx_word' id='word_1_260' title='bbox 599 4268 637 4320; x_wconf 78' lang='lat'>1⁸</span> <span class='ocrx_word' id='word_1_261' title='bbox 655 4284 679 4337; x_wconf 90' lang='lat' dir='ltr'>p.</span> <span class='ocrx_word' id='word_1_262' title='bbox 694 4267 798 4334; x_wconf 84' lang='lat' dir='ltr'>504sq.</span> <span class='ocrx_word' id='word_1_263' title='bbox 824 4297 857 4307; x_wconf 94' lang='lat'><em>—</em></span> <span class='ocrx_word' id='word_1_264' title='bbox 885 4265 1066 4355; x_wconf 74' lang='lat' dir='ltr'>Sniehotte</span> <span class='ocrx_word' id='word_1_265' title='bbox 1090 4266 1107 4322; x_wconf 94' lang='lat' dir='ltr'>I.</span> <span class='ocrx_word' id='word_1_266' title='bbox 1122 4283 1143 4322; x_wconf 88' lang='lat' dir='ltr'>c.</span> <span class='ocrx_word' id='word_1_267' title='bbox 1167 4282 1192 4335; x_wconf 93' lang='lat' dir='ltr'>p.</span> <span class='ocrx_word' id='word_1_268' title='bbox 1206 4267 1303 4334; x_wconf 80' lang='grc'><strong>9-15,</strong></span> <span class='ocrx_word' id='word_1_269' title='bbox 1322 4267 1438 4334; x_wconf 79' lang='lat'>50-51,</span> <span class='ocrx_word' id='word_1_270' title='bbox 1457 4267 1491 4320; x_wconf 88' lang='grc'>61</span> <span class='ocrx_word' id='word_1_271' title='bbox 1517 4267 1578 4322; x_wconf 71' lang='lat' dir='ltr'>nh.</span> 
     </span>
     <span class='ocr_line' id='line_1_37' title="bbox 353 4356 1578 4427; baseline -0.001 -16"><span class='ocrx_word' id='word_1_272' title='bbox 353 4390 385 4398; x_wconf 96' lang='lat'><em>-</em></span> <span class='ocrx_word' id='word_1_273' title='bbox 410 4358 567 4413; x_wconf 85' lang='lat' dir='ltr'>Bednara</span> <span class='ocrx_word' id='word_1_274' title='bbox 590 4359 608 4412; x_wconf 85' lang='lat' dir='ltr'>I.</span> <span class='ocrx_word' id='word_1_275' title='bbox 623 4375 643 4411; x_wconf 90' lang='lat' dir='ltr'>c.</span> <span class='ocrx_word' id='word_1_276' title='bbox 664 4374 688 4426; x_wconf 93' lang='lat' dir='ltr'>p.</span> <span class='ocrx_word' id='word_1_277' title='bbox 703 4358 756 4411; x_wconf 83' lang='grc'>356</span> <span class='ocrx_word' id='word_1_278' title='bbox 776 4358 839 4427; x_wconf 81' lang='lat'>(44).</span> <span class='ocrx_word' id='word_1_279' title='bbox 871 4388 901 4396; x_wconf 92' lang='lat'>-</span> <span class='ocrx_word' id='word_1_280' title='bbox 930 4357 1019 4424; x_wconf 85' lang='lat' dir='ltr'>Birt,</span> <span class='ocrx_word' id='word_1_281' title='bbox 1039 4357 1111 4410; x_wconf 89' lang='lat' dir='ltr'>Uber</span> <span class='ocrx_word' id='word_1_282' title='bbox 1130 4357 1173 4410; x_wconf 90' lang='lat' dir='ltr'>die</span> <span class='ocrx_word' id='word_1_283' title='bbox 1191 4356 1457 4426; x_wconf 77' lang='lat' dir='ltr'>Vokelverbinduug</span> <span class='ocrx_word' id='word_1_284' title='bbox 1476 4373 1521 4412; x_wconf 85' lang='lat' dir='ltr'>·en</span> <span class='ocrx_word' id='word_1_285' title='bbox 1544 4358 1578 4410; x_wconf 88' lang='lat' dir='ltr'>im</span> 
     </span>
     <span class='ocr_line' id='line_1_38' title="bbox 352 4445 1579 4516; baseline -0.002 -15"><span class='ocrx_word' id='word_1_286' title='bbox 352 4447 554 4516; x_wconf 84' lang='lat' dir='ltr'>Lateiuischeu,</span> <span class='ocrx_word' id='word_1_287' title='bbox 574 4448 643 4501; x_wconf 87' lang='lat' dir='ltr'>Mus.</span> <span class='ocrx_word' id='word_1_288' title='bbox 657 4446 742 4502; x_wconf 89' lang='lat' dir='ltr'>Rhen.</span> <span class='ocrx_word' id='word_1_289' title='bbox 762 4447 880 4502; x_wconf 86' lang='lat' dir='ltr'><strong>XXXIV</strong></span> <span class='ocrx_word' id='word_1_290' title='bbox 899 4463 923 4515; x_wconf 94' lang='lat' dir='ltr'>p.</span> <span class='ocrx_word' id='word_1_291' title='bbox 942 4447 1034 4500; x_wconf 83' lang='lat'>1-37.</span> <span class='ocrx_word' id='word_1_292' title='bbox 1062 4478 1094 4485; x_wconf 87' lang='lat'>—</span> <span class='ocrx_word' id='word_1_293' title='bbox 1121 4446 1171 4514; x_wconf 81' lang='lat' dir='ltr'>Id,</span> <span class='ocrx_word' id='word_1_294' title='bbox 1195 4445 1297 4514; x_wconf 86' lang='lat' dir='ltr'>Sprach</span> <span class='ocrx_word' id='word_1_295' title='bbox 1316 4461 1379 4499; x_wconf 83' lang='lat' dir='ltr'>man</span> <span class='ocrx_word' id='word_1_296' title='bbox 1400 4462 1498 4500; x_wconf 80' lang='lat' dir='ltr'>arrum</span> <span class='ocrx_word' id='word_1_297' title='bbox 1517 4445 1579 4499; x_wconf 88' lang='lat' dir='ltr'>oder</span> 
     </span>
    </p>
   </div>
   <div class='ocr_carea' id='block_1_5' title="bbox 352 4536 1292 4696">
    <p class='ocr_par' dir='ltr' id='par_1_12' title="bbox 352 4536 1292 4696">
     <span class='ocr_line' id='line_1_39' title="bbox 352 4536 1053 4605; baseline 0.001 -15"><span class='ocrx_word' id='word_1_298' title='bbox 352 4539 472 4592; x_wconf 83' lang='lat' dir='ltr'>aarum?</span> <span class='ocrx_word' id='word_1_299' title='bbox 496 4537 565 4591; x_wconf 83' lang='lat' dir='ltr'>Mus.</span> <span class='ocrx_word' id='word_1_300' title='bbox 582 4537 666 4592; x_wconf 82' lang='lat' dir='ltr'>Rhen.</span> <span class='ocrx_word' id='word_1_301' title='bbox 687 4536 739 4590; x_wconf 92' lang='lat' dir='ltr'>LII</span> <span class='ocrx_word' id='word_1_302' title='bbox 758 4537 892 4605; x_wconf 84' lang='lat' dir='ltr'>Supplem.</span> <span class='ocrx_word' id='word_1_303' title='bbox 912 4552 937 4604; x_wconf 90' lang='lat' dir='ltr'>p.</span> <span class='ocrx_word' id='word_1_304' title='bbox 954 4537 987 4590; x_wconf 88' lang='lat'>10</span> <span class='ocrx_word' id='word_1_305' title='bbox 998 4551 1053 4602; x_wconf 84' lang='lat' dir='ltr'>sqq.</span> 
     </span>
     <span class='ocr_line' id='line_1_40' title="bbox 443 4624 1292 4696; baseline 0.002 -16"><span class='ocrx_word' id='word_1_306' title='bbox 443 4628 462 4696; x_wconf 82' lang='lat'>²)</span> <span class='ocrx_word' id='word_1_307' title='bbox 483 4627 571 4695; x_wconf 90' lang='lat' dir='ltr'>Birt,</span> <span class='ocrx_word' id='word_1_308' title='bbox 591 4627 660 4680; x_wconf 89' lang='lat' dir='ltr'>Mus.</span> <span class='ocrx_word' id='word_1_309' title='bbox 675 4626 759 4680; x_wconf 85' lang='lat' dir='ltr'>Rhen.</span> <span class='ocrx_word' id='word_1_310' title='bbox 780 4626 899 4679; x_wconf 81' lang='lat' dir='ltr'><strong>XXXIV</strong></span> <span class='ocrx_word' id='word_1_311' title='bbox 917 4643 942 4693; x_wconf 95' lang='lat' dir='ltr'>p.</span> <span class='ocrx_word' id='word_1_312' title='bbox 957 4627 999 4695; x_wconf 79' lang='grc'>27,</span> <span class='ocrx_word' id='word_1_313' title='bbox 1029 4624 1080 4678; x_wconf 81' lang='lat' dir='ltr'>LII</span> <span class='ocrx_word' id='word_1_314' title='bbox 1100 4625 1191 4693; x_wconf 83' lang='lat' dir='ltr'>Suppl.</span> <span class='ocrx_word' id='word_1_315' title='bbox 1211 4641 1236 4692; x_wconf 94' lang='lat' dir='ltr'>p.</span> <span class='ocrx_word' id='word_1_316' title='bbox 1252 4626 1292 4682; x_wconf 81' lang='lat'>15.</span> 
     </span>
    </p>
   </div>
   <div class='ocr_carea' id='block_1_6' title="bbox 0 0 1732 5316">
    <p class='ocr_par' dir='ltr' id='par_1_13' title="bbox 0 0 1732 5316">
     <span class='ocr_line' id='line_1_41' title="bbox 0 0 1732 5316; baseline 0 0"><span class='ocrx_word' id='word_1_317' title='bbox 0 0 1732 5316; x_wconf 95' lang='lat' dir='ltr'> </span> 
     </span>
    </p>
   </div>
  </div>
 </body>
</html>
