3452 5316
919 283 939 345 8

319 499 421 582 Tyros
444 496 498 563 III
515 497 578 562 217
603 535 645 542 -
669 503 771 563 arctos
794 495 900 577 1458,
925 497 1050 576 11586,
1075 497 1123 564 IV
1140 496 1192 578 79,
1218 497 1332 563 11220
1360 498 1544 582 chersydros

315 605 366 671 IX
392 605 453 670 711
486 610 585 671 costos
608 603 658 668 IX
674 604 739 668 917
770 603 936 686 crystallos
958 603 991 669 X
1010 603 1073 669 160
1103 604 1231 687 thapsos
1254 604 1386 670 lxma
1411 605 1449 691 ((1
1464 607 1540 691 ne).

404 711 528 778 Dorion
557 710 694 776 111352
744 709 1121 793 retinuissetis
1174 713 1376 794 pmcedarron
1403 712 1455 778 IX
1478 713 1541 778 919

316 818 430 908 (VmZ1
457 817 551 906 um).

405 925 492 1010 Quin
520 925 620 992 etiam
644 924 816 992 Cenabum
844 924 998 1008 oppidum
1022 923 1201 993 Camutum
1231 925 1267 992 in
1296 924 1314 990 I
1334 925 1415 992 libri
1445 945 1543 994 versu

317 1034 383 1100 440
410 1032 555 1101 Genabos
578 1033 774 1115 appellatur.

404 1141 497 1206 Inter
519 1141 677 1206 Latinum
706 1145 740 1206 31
763 1140 926 1208 Graecum
956 1139 1081 1207 exitum
1112 1140 1250 1207 fluctuat
1279 1160 1378 1208 unum
1408 1161 1541 1208 nomen:

315 1249 470 1334 Aeyyptos
493 1247 576 1316 VIII
599 1248 665 1312 444
688 1245 857 1335 (VU1Gm
879 1247 944 1334 43)
969 1286 1012 1294 -
1036 1247 1193 1334 Aeyyptus
1216 1248 1300 1315 VIII
1323 1249 1397 1316 871.

403 1355 528 1423 Latina
557 1354 789 1422 terminatione
819 1375 897 1422 usus
929 1361 980 1422 est
1009 1356 1163 1423 Lucanus
1193 1356 1229 1422 in
1258 1355 1311 1422 his
1341 1355 1542 1423 nominibus:

404 1461 530 1531 Alanus
567 1463 712 1530 Antaeus
750 1461 881 1546 Aponus
918 1462 1027 1546 Apsus
1065 1462 1172 1549 Arpus
1209 1462 1402 1546 Arimaspus
1440 1463 1544 1530 Arius

316 1571 466 1639 Bacchus
507 1569 659 1639 Cerberus
682 1569 731 1638 vi
753 1570 833 1651 665,
858 1571 909 1636 IX
933 1571 998 1636 643
1023 1571 1204 1656 (VZUmgv
1226 1592 1296 1653 -us,
1319 1570 1422 1637 ceteri
1445 1569 1509 1656 -os)
1520 1569 1544 1657 ¹)

320 1677 483 1763 Cyllenius
523 1676 627 1762 Cyrus
664 1677 778 1745 Dacus
819 1677 987 1745 Eridanus
1022 1677 1169 1762 Euripus
1209 1677 1364 1746 Gaetulus
1400 1677 1545 1745 Haemus

250 1813 252 1818 ·
315 1785 458 1853 Eunus
496 1785 600 1852 Indus
642 1785 828 1870 Lyydamus
865 1785 1008 1852 Maurus
1045 1785 1216 1854 Metaurus
1261 1785 1360 1853 Nilus
1401 1782 1545 1854 Oceanus

318 1891 471 1978 Olympus
498 1892 641 1961 Parthus
669 1892 813 1960 Phoebus
841 1891 967 1960 Pindus
997 1892 1152 1961 Pothinus
1184 1891 1316 1978 Psyllus
1346 1893 1544 1961 Ptolemaeus

313 1999 463 2086 Pyrrhus
486 2002 593 2069 Sirius
619 2000 727 2086 Tayus
751 1999 1010 2069 Tarcondimotus
1034 2001 1184 2069 Xanthus
1207 2001 1377 2070 basilisurs
1399 2000 1541 2068 5353443.

316 2145 360 2156 -
383 2108 566 2176 Alexander
588 2107 700 2176 Hister
722 2108 908 2176 Maeander.

406 2213 582 2302 Sapuntum
605 2217 741 2302 asyhrm.
919 2306 932 2371 l

405 2411 651 2500 Petroniusy
686 2413 888 2498 nominibus
928 2413 968 2480 de
1000 2412 1118 2494 quibus
1151 2413 1294 2496 agimus,
1334 2412 1370 2479 in
1403 2411 1542 2496 poeticis

316 2520 427 2604 operis
450 2521 601 2603 partibus
625 2521 674 2588 ite
690 2541 767 2590 usus
791 2527 850 2604 est,
875 2525 912 2587 ut
928 2521 1092 2589 Graecum
1114 2520 1352 2588 nominativum
1372 2519 1544 2586 adhiberet

316 2629 368 2697 his
398 2629 496 2698 loeis:
543 2629 579 2696 in
608 2629 739 2696 senario
772 2629 910 2696 Tenedos
938 2629 991 2710 89,
1008 2658 1046 2709 n,
1087 2628 1123 2694 in
1152 2628 1353 2694 hexametris
1383 2628 1544 2710 Bosporos

318 2737 392 2819 123,
408 2766 451 2806 aar
480 2736 598 2804 Lesbos
624 2736 696 2817 133,
709 2766 760 2818 a,s
791 2735 913 2806 Thasos
939 2735 1011 2820 133,
1025 2765 1048 2816 3,
1061 2765 1079 2806 s·
1101 2773 1143 2783 -
1167 2756 1300 2819 cyperon
1325 2735 1398 2816 127,
1414 2764 1440 2814 s,
1453 2764 1477 2804 c.

405 2844 562 2910 Latinam
587 2842 727 2910 formam
751 2843 903 2910 adhibuit
926 2845 1041 2911 horum
1064 2843 1246 2909 nominum:

405 2952 568 3035 Epicurus
590 2951 703 3037 Lydus
731 2949 873 3019 Parthus
895 2949 1039 3018 Phoebus
1068 2951 1224 3018 Tantalus
1250 2950 1402 3034 Telephum
1428 2949 1543 3034 Tiryn-

317 3059 401 3126 thius
425 3096 467 3106 —
490 3080 612 3127 scarus.

407 3167 453 3232 Et
484 3166 519 3232 in
551 3165 811 3249 fragmentorum
842 3166 994 3234 versibus
1029 3165 1115 3233 idem
1148 3164 1371 3233 nominativus
1403 3165 1543 3232 Latinus

318 3279 444 3340 exstat:
476 3273 723 3358 Iudaeus3l,1
750 3278 783 3339 31
807 3273 949 3342 Phoebus
973 3274 1025 3356 27,
1041 3303 1065 3344 3.
1244 3343 1250 3355 ,

408 3381 478 3450 Ν33
507 3381 608 3449 aliter
629 3401 684 3448 res
714 3381 873 3448 sehabet
902 3381 937 3446 in
966 3379 1129 3462 prosaicis
1159 3380 1324 3462 partibus,
1356 3397 1441 3461 quae
1469 3399 1544 3446 con-

320 3489 431 3556 tinent
453 3495 487 3556 31
510 3487 634 3556 formas
659 3489 822 3557 Graecas:
854 3486 996 3574 Ascyltos
1020 3487 1136 3574 (vicies
1160 3485 1281 3575 sexies)
1311 3486 1469 3554 Eudorus
1492 3487 1542 3566 88,

319 3598 379 3678 4‚1
412 3596 589 3681 Polyaenos
613 3596 759 3679 139,1,ι
791 3595 974 3663 Proselenos
998 3595 1071 3672 132,
1088 3594 1119 3677 5,
1132 3625 1156 3679 ι,
1183 3595 1256 3680 137,
1274 3593 1330 3676 {nr
1355 3631 1399 3642 -·
1423 3615 1543 3680 corym-

318 3704 390 3772 554
415 3705 488 3784 110,
505 3704 562 3784 5,3
595 3710 629 3771 31
649 3703 807 3769 Latinas:

409 3809 627 3896 Clrrysanthus
674 3807 868 3895 Chrysippus
916 3808 1084 3878 Corinthus
1133 3809 1299 3878 Daedalus
1344 3808 1543 3878 Democritus

317 3920 492 4003 Encolpius
522 3919 631 3986 Hesus
658 3918 826 3985 Menelaus
858 3916 1000 4002 Peyasus
1030 3917 1195 3986 Pindarus
1224 3915 1367 4001 Priapus
1397 3917 1543 3985 Seleucen

318 4027 444 4095 Stichus
466 4063 509 4074 —
527 4027 727 4111 phreneticus
749 4026 1002 4110 symphoniacus.

409 4224 428 4292 ¹)
448 4222 553 4277 1x643
572 4223 674 4278 Hosius
685 4221 818 4276 Graecum
832 4223 1031 4277 nominativum
1043 4223 1072 4276 in
1085 4225 1193 4276 textum
1205 4220 1318 4291 recepit,
1335 4221 1408 4288 quod
1421 4219 1544 4288 equidem

319 4313 495 4382 comprobare
514 4329 567 4366 non
580 4328 700 4381 possum,
720 4328 781 4366 enm
801 4316 829 4367 et
847 4312 919 4380 apud
933 4312 1074 4367 Lucanum
1092 4313 1181 4380 ipsum
1201 4311 1239 4366 VI
1252 4312 1305 4368 665
1323 4316 1353 4366 31
1370 4310 1464 4366 dacem
1482 4311 1543 4366 aliis

318 4403 386 4458 locis
410 4403 480 4471 apud
501 4401 628 4458 Senecam
648 4403 743 4457 Silium
761 4401 890 4456 Italicum
909 4401 1030 4456 Statium
1047 4401 1152 4456 Latina
1173 4401 1265 4457 forma
1288 4400 1348 4456 sola
1370 4399 1480 4456 tradita
1498 4401 1543 4456 sit.

407 4494 427 4561 ²)
447 4493 603 4548 Editionem
622 4492 734 4546 adhibui
753 4491 967 4560 Buecheleri,
986 4491 1108 4546 Berolini
1126 4490 1315 4546 MDCCCCIV.
