3462 5312
935 401 997 462 172

437 615 522 680 Sane
561 615 690 694 quidem
729 619 847 694 poetae
886 614 970 678 hanc
1005 613 1160 678 Latinam
1201 613 1465 677 terminationem
1504 632 1576 677 con-

348 729 488 788 tractem
512 727 588 802 post
610 721 742 802 longam
763 721 927 804 syllabam
952 721 1041 785 intra
1057 739 1187 786 versum
1212 719 1368 784 adhibere
1392 725 1574 801 potuerant,

348 831 404 896 sed
440 828 561 908 ubique
596 830 677 892 duas
715 829 833 893 breves
872 827 1020 910 syllabas
1059 849 1126 893 -eos
1164 827 1401 908 praetulerunt.
1456 826 1576 892 Latina

347 943 456 1002 autem
487 935 677 1001 terminatio
707 937 751 1000 -ei
781 935 846 1000 nisi
879 933 914 1000 in
945 933 1082 1000 elisione
1112 933 1222 1016 posita
1253 933 1287 998 in
1318 935 1399 999 duas
1430 933 1577 1018 syllabas

349 1063 413 1110 non
437 1043 599 1125 dirempta
624 1049 689 1108 est:

425 1150 538 1216 Manil.
564 1151 598 1216 II
624 1151 682 1216 28:
715 1150 824 1216 Persa
846 1157 874 1216 ei
897 1151 1118 1216 Andromedae
1143 1201 1201 1214 ...

436 1258 559 1324 Contra
584 1259 653 1323 fere
677 1277 730 1322 res
754 1275 789 1322 se
813 1257 913 1322 habet
936 1257 970 1322 in
995 1257 1136 1336 senario,
1161 1258 1204 1322 ad
1227 1275 1322 1337 quem
1342 1275 1472 1323 versum
1499 1275 1578 1338 pan-

345 1365 487 1447 gendum
515 1363 656 1429 creticus
679 1363 803 1429 Latina
826 1363 1058 1429 terminatione
1082 1365 1126 1428 -ei
1155 1363 1315 1428 distracta
1343 1369 1419 1444 post
1446 1363 1576 1444 longam

347 1471 511 1555 syllabam
544 1470 679 1536 effectus
708 1469 989 1536 commodissimus
1018 1476 1068 1536 est
1078 1469 1111 1554 ¹).
1159 1471 1367 1554 Quapropter
1391 1469 1516 1536 Seneca
1544 1470 1578 1534 in

346 1577 591 1662 tragoediarum
616 1575 758 1643 senariis
775 1577 859 1642 hano
882 1577 1044 1642 rationem
1060 1576 1169 1643 sexies
1193 1583 1323 1643 secutus
1348 1583 1398 1642 est
1422 1583 1455 1642 et
1477 1576 1578 1642 semel

347 1691 474 1751 tantum
498 1684 681 1751 contractio
706 1684 843 1750 elisione
867 1683 1027 1749 efficitur:

504 1792 579 1858 Tro.
598 1793 680 1856 341:
714 1790 806 1858 Arra
828 1799 856 1858 el
881 1791 1035 1874 Thyestae
1057 1793 1191 1858 nobilem
1213 1793 1287 1858 novi
1309 1794 1444 1857 denotem.

437 1897 615 1965 Praeterea
645 1899 769 1965 Seneca
800 1899 925 1964 duobus
954 1898 1050 1964 huius
1080 1899 1211 1981 generis
1239 1898 1405 1982 genetiuis
1435 1897 1471 1963 in
1499 1899 1577 1962 hen-

346 2006 557 2090 decasyllabo
595 2013 628 2072 et
665 2006 699 2071 in
735 2005 947 2087 anapaestico
977 2011 1076 2072 versu
1106 2024 1183 2071 usus
1212 2013 1276 2086 est,
1317 2024 1453 2086 quorum
1485 2005 1576 2070 illius

345 2114 431 2180 ratio
456 2113 611 2180 Latinam
636 2113 900 2180 terminationem
925 2113 1133 2179 distractam:

517 2223 579 2303 Ag.
598 2222 679 2287 616:
711 2242 807 2304 quam
829 2242 892 2288 hon
916 2220 1226 2304 Petaubetidisque
1248 2227 1353 2300 nolim,

345 2329 441 2394 huius
466 2328 629 2396 Graecam
652 2329 819 2412 poposcit:

497 2435 576 2502 Oed.
594 2436 676 2500 442:
708 2437 774 2500 icem
793 2441 866 2518 post
889 2437 1008 2502 laceros
1032 2435 1183 2503 Pentheos
1206 2443 1305 2503 arius

434 2543 576 2610 Dativus
609 2544 724 2609 horum
755 2543 920 2609 nominum
954 2562 1082 2626 semper
1109 2544 1233 2610 Latina
1265 2543 1499 2610 terminatione
1529 2565 1576 2609 -eo

345 2649 499 2732 flectitur,
532 2669 614 2730 quae
645 2657 748 2716 metro
780 2651 966 2732 postulatur
999 2651 1101 2717 solius
1132 2669 1247 2718 versus
1277 2651 1401 2718 senarii
1432 2651 1576 2718 Phaedri

440 2757 492 2823 III
515 2757 598 2839 prol.
616 2758 675 2823 57:
708 2757 848 2842 Linoque
873 2759 988 2842 Apollo
1012 2761 1053 2824 sit
1071 2779 1200 2842 parens,
1225 2759 1326 2825 illoesa
1353 2755 1483 2842 Orpheo.

344 2864 492 2930 Eandem
522 2872 629 2930 autern
662 2865 696 2930 in
724 2865 913 2930 hexametro
938 2885 1064 2946 quoque
1093 2866 1275 2932 adhibitam
1305 2885 1376 2932 esse
1407 2885 1444 2932 eo
1469 2866 1576 2948 magis

344 2971 461 3036 mirum
485 2972 566 3036 mihi
590 2971 734 3054 videtur,
764 2974 849 3054 quod
873 2992 1001 3054 semper
1028 2973 1063 3038 in
1087 2973 1150 3038 fine
1173 2993 1288 3040 versus
1311 2973 1422 3055 posita
1445 2981 1575 3039 eontra-

343 3078 451 3144 henda
480 3085 543 3162 est,
576 3099 638 3160 quo
663 3079 734 3145 loco
760 3081 889 3146 Graeca
913 3079 956 3146 -ee
987 3081 1088 3146 multo
1115 3081 1248 3147 facilius
1272 3081 1428 3147 collocari
1456 3081 1573 3162 potuit.

343 3185 500 3252 Fortasse
532 3192 640 3252 eutem
657 3193 786 3271 'poetae
815 3186 1065 3252 similitudinem
1089 3188 1236 3268 genetivi
1265 3187 1510 3254 terminationis
1533 3190 1576 3253 -ei

343 3293 470 3359 evitare
494 3293 676 3360 voluerunt.

433 3399 585 3466 Omnium
609 3401 722 3466 horum
748 3401 928 3484 nominum,
961 3420 1097 3481 quorum
1125 3401 1370 3486 accusativusll
1396 3403 1571 3476 invenitur,

343 3506 460 3572 ultima
484 3506 600 3589 stirpis
623 3507 756 3591 syllaba
779 3508 879 3590 longa
903 3515 970 3574 est:
999 3509 1116 3574 Theseo
1140 3508 1324 3576 Prometheo
1351 3504 1478 3592 Orpheo
1502 3495 1575 3588 eth

344 3619 379 3678 ut
402 3613 526 3679 Latina
550 3614 738 3680 terminatio
762 3616 913 3682 versibus
937 3616 1138 3682 hexametris
1161 3615 1307 3682 resultet.

432 3758 462 3823 5.
490 3759 652 3824 Graecam
668 3759 933 3824 terminationem
945 3783 1000 3834 -υς
1016 3759 1156 3824 Romani
1172 3779 1237 3824 non
1253 3765 1471 3840 mutaverunt,
1489 3761 1572 3840 quod

344 3866 478 3930 eandem
497 3865 549 3930 vel
574 3866 714 3930 similem
738 3884 803 3931 non
819 3866 995 3932 habebant.
1036 3867 1160 3931 Nomen
1177 3866 1444 3932 Rhadamanthus
1472 3865 1571 3948 „nihil

343 3970 522 4037 aliudesse
546 3972 611 4038 nisi
629 3971 768 4038 formam
788 3973 872 4038 satis
889 3973 1057 4053 antiquam
1083 3981 1116 4038 et
1131 3973 1297 4055 usitatam,
1323 3974 1415 4040 cuius
1432 3973 1572 4039 nominis

343 4097 423 4144 vera
440 4079 532 4160 origo
552 4080 722 4160 formaque
741 4099 875 4161 prorsus
893 4081 1127 4146 obsolevisset“
1140 4081 1312 4147 Snielrotta
1325 4081 1433 4165 (pii)
1452 4082 1569 4147 docuit.

433 4186 613 4252 Genetivus
642 4187 756 4252 horum
788 4187 952 4253 nominum
982 4207 1109 4269 semper
1138 4189 1264 4254 Graece
1293 4187 1477 4254 declinatus
1506 4195 1570 4254 est:

343 4293 440 4374 Myos
465 4293 599 4375 Tethyos
623 4300 682 4358 etc.
708 4301 844 4376 propter
867 4294 1116 4360 similitudinem
1138 4319 1159 4378 p
1182 4303 1215 4360 et
1237 4299 1250 4360 i
1272 4295 1445 4362 vocalium.

435 4505 453 4574 ¹)
474 4505 547 4558 Idem
563 4507 638 4559 valet
657 4507 689 4560 de
709 4509 879 4560 nominativo
892 4507 1040 4562 Phalereus
1059 4526 1076 4560 a
1098 4507 1219 4561 Phaedro
1237 4507 1359 4562 adhibito
1374 4509 1469 4577 (snpra
1482 4525 1506 4576 p.
1517 4509 1568 4574 36).

435 4597 453 4663 ²]
475 4597 656 4649 Snielrotta
680 4597 834 4664 lophi.
