3462 5312
659 421 863 520 aa.

147 633 272 698 nomini
296 633 349 699 hic
374 633 535 700 Graecam
559 634 630 700 illic
651 634 804 700 Latinam
829 634 1093 701 terminationem
1118 637 1244 702 darent.
1293 637 1375 702 Nam

151 740 303 806 Valerius
326 741 466 807 Flaccus
491 741 525 806 in
549 742 698 808 versibus

248 857 295 924 IV
320 857 399 922 555:
425 857 589 924 Pallados
612 860 685 942 ipse
707 859 788 925 altro
813 858 922 924 Pelias
946 861 1118 925 adsidere
1141 859 1220 926 tollit

266 965 294 1032 'V
320 965 399 1030 345:
425 964 588 1032 Pallados
611 967 692 1032 bine
715 987 808 1032 corae
832 966 1027 1048 Proserpina
1050 969 1156 1033 iuncto
1181 966 1309 1032 Dianae

216 1071 299 1138 VIII
324 1073 401 1136 224:
427 1074 495 1156 ipse
519 1081 620 1140 arram
644 1075 760 1140 lavitae
782 1075 848 1139 iam
871 1072 1035 1140 Pallados
1058 1076 1196 1158 eripere
1218 1095 1296 1140 oros
1308 1073 1340 1158 ¹),

146 1188 265 1268 quibus
301 1189 383 1254 leals
418 1208 521 1271 prope
556 1189 818 1255 termiuationem
852 1192 864 1255 i
897 1189 1022 1256 vocalis
1055 1198 1179 1272 exstat,
1215 1191 1377 1256 Graecam

147 1295 287 1360 sormam
312 1296 458 1376 genetivi
483 1297 641 1377 servavit,
667 1298 701 1362 in
726 1316 823 1364 versu
847 1304 955 1363 autem
980 1297 1095 1364 1153:

432 1465 438 1476 .
465 1465 470 1477 .
498 1465 503 1476 .
534 1421 653 1496 paeana
677 1416 817 1497 attollens
840 1435 878 1480 en
901 1413 1051 1481 Palladis
1074 1423 1149 1497 arde,

146 1530 181 1593 in
206 1547 269 1608 quo
294 1529 327 1593 id
351 1547 415 1594 non
440 1528 487 1610 fit,
512 1529 668 1595 Latinam
691 1530 851 1596 adhibuit.

236 1643 300 1710 Sed
324 1651 446 1709 certam
470 1645 575 1726 legem
600 1653 715 1728 poetas
744 1665 809 1711 uon
837 1654 966 1714 secutos
995 1667 1066 1712 esse
1091 1667 1205 1714 versus
1229 1667 1376 1730 compro-

147 1753 231 1816 bant
254 1772 271 1816 e
295 1751 381 1818 Stati
405 1751 508 1818 Silvis
532 1753 629 1818 allati

195 1868 246 1932 III
271 1869 300 1950 2,
328 1870 407 1934 137:
432 1871 581 1951 cantianae
604 1870 784 1953 Babylrmds
809 1891 879 1953 opes
910 1923 916 1935 .
944 1923 949 1934 .
978 1924 983 1935 .

177 1984 210 2041 et
235 1978 265 2043 V
295 1978 322 2056 1,
348 1977 407 2042 60:
433 1979 463 2042 si
486 1977 671 2060 Babplrmos
696 2000 766 2060 opes
796 2030 801 2040 .
830 2030 835 2041 .
863 2030 868 2042 .

237 2100 353 2166 Dativi
387 2101 578 2167 terminatio
611 2104 624 2168 i
657 2109 714 2168 aut
745 2103 937 2184 producitur
967 2109 1025 2168 aut
1053 2103 1246 2186 corripitur,
1279 2109 1378 2184 prout

145 2209 243 2274 metri
268 2208 355 2274 ratio
380 2209 535 2289 postulat.

237 2316 429 2383 Accusativi
454 2316 583 2382 Graeca
606 2317 797 2382 terminatio
821 2315 892 2401 -ail
917 2317 1136 2383 usitatissima
1160 2323 1210 2383 est
1234 2317 1376 2382 omnium

145 2423 414 2489 terminationum
439 2424 650 2490 Graecarum.
698 2424 781 2489 Nam
813 2425 846 2488 in
871 2425 936 2490 543
961 2425 1055 2505 locis
1087 2425 1206 2505 quibus
1235 2425 1376 2490 nominis

146 2531 270 2597 Graeci
294 2531 503 2596 accusativus
530 2531 690 2596 formatus
714 2538 773 2612 est,
798 2532 840 2597 36
858 2539 983 2597 tantum
1005 2538 1090 2612 sunt,
1121 2532 1237 2612 quibus
1255 2532 1376 2597 Latina

147 2640 256 2705 forma
286 2638 436 2703 adhibita
468 2644 526 2703 est.
575 2639 701 2705 Ceteris
733 2639 796 2704 507
828 2646 945 2720 poetae
977 2639 1273 2720 graeciSsaverunt.
1327 2640 1376 2703 Ac

145 2764 275 2827 semper
304 2746 374 2811 fere
404 2744 458 2810 hic
486 2745 674 2811 declinandi
706 2765 783 2811 usus
815 2746 914 2811 metri·
943 2747 1071 2812 ratione
1102 2745 1286 2827 postulatus
1315 2754 1374 2811 est.

145 2853 226 2918 Plus
257 2853 341 2917 euim
372 2853 473 2918 tertia
503 2871 580 2933 pars
616 2853 758 2918 omnium
790 2853 954 2918 nominum
987 2860 1049 2932 est,
1080 2871 1215 2932 quorum
1244 2853 1376 2936 syllaba

145 2959 349 3042 paenultima
385 2959 508 3040 breviS,
545 2960 826 3041 antepaenultima
865 2960 965 3041 longa
1001 2967 1063 3038 est,
1106 2967 1141 3025 ut
1176 2966 1375 3025 consonante

145 3067 276 3155 quidem
312 3067 460 3147 sequenti
493 3067 558 3132 nisi
592 3068 719 3134 Graece
753 3068 931 3132 terminata
967 3076 1069 3133 metro
1105 3067 1270 3150 dactylico
1310 3086 1374 3132 non

144 3173 374 3240 satissacIant:
399 3174 636 3259 Apannmnono
653 3174 789 3240 Hectora
807 3175 951 3241 Leucada
968 3174 1118 3242 Pallada.
1151 3173 1236 3240 Nam
1252 3174 1375 3240 Latina

144 3281 377 3347 terminatione
412 3304 472 3347 -en
508 3282 659 3347 adhibita
702 3283 783 3348 haec
825 3283 957 3348 nomiae
999 3281 1119 3347 cretice
1156 3281 1308 3346 desinunt
1343 3289 1376 3346 et

144 3390 186 3454 ad
222 3408 352 3455 uersum
386 3390 608 3454 hexametrum
643 3390 852 3471 pangendum
888 3389 1021 3454 matilia
1058 3389 1247 3454 redduntur.
1303 3389 1375 3472 Qua

144 3515 247 3562 causa
276 3496 443 3562 Iuvenalis
475 3505 653 3562 commotus
685 3503 748 3578 est,
781 3503 817 3562 ut
840 3496 940 3562 etiam
966 3496 1089 3562 Galllci
1117 3495 1259 3562 nominiS
1283 3496 1374 3561 Allo-

145 3604 224 3670 brox
251 3603 476 3670 accusativum
499 3603 646 3670 flecteret
666 3604 839 3688 Allobropa
864 3602 942 3690 (VII
967 3603 1054 3688 214).
1102 3605 1184 3668 lem
1209 3603 1373 3668 nominum

144 3712 250 3795 Stypis
286 3717 319 3776 et
353 3710 492 3796 anypis
527 3711 709 3778 accusativi
748 3730 876 3791 semper
911 3717 987 3776 suut
1029 3712 1129 3796 Stypa
1163 3718 1196 3775 et
1233 3710 1372 3794 Pbrypo,

145 3819 224 3898 quia
252 3818 383 3902 syllaba
411 3820 611 3901 praecedens
640 3818 886 3899 qualiscumque
917 3827 967 3883 est
990 3817 1180 3899 plerumque
1209 3817 1373 3898 positione

145 3925 346 4006 producitur.
379 3925 443 3991 Sed
464 3933 645 3992 ceterorum
669 3944 795 4006 quoque
818 3925 994 4008 nominum,
1020 3943 1155 4006 quorum
1172 3923 1374 4006 paenultima

145 4031 247 4112 longa
282 4038 347 4114 est,
384 4032 567 4098 accusativi
599 4033 729 4099 Graeca
760 4033 950 4098 terminatio
986 4050 1115 4114 semper
1153 4032 1222 4096 lere
1259 4049 1373 4096 versus

144 4139 274 4205 ratione
305 4139 472 4222 postulata
503 4149 568 4222 est,
601 4159 672 4206 cum
704 4140 815 4206 brevis
846 4140 977 4223 syllaba
1009 4145 1209 4218 sequeretur.
1260 4137 1372 4202 Etiam

237 4353 256 4422 ¹)
277 4353 316 4406 De
340 4355 432 4409 sanilo
456 4353 572 4420 quodam
596 4356 653 4408 acri
676 4359 705 4407 et
728 4355 805 4408 tenui
829 4352 967 4406 interdum
993 4352 1021 4406 in
1046 4352 1146 4405 Latiuo
1166 4367 1290 4405 sermone
1309 4367 1373 4404 cou-

145 4445 238 4511 spicuo
258 4443 293 4496 ol.
314 4443 343 4500 F.
363 4443 520 4510 Skutsch,
541 4444 591 4497 Die
611 4443 772 4497 lateinische
791 4442 908 4510 Spracbe
928 4444 956 4496 iu
979 4441 1099 4511 „Kultur
1118 4441 1165 4494 der
1184 4439 1369 4506 Gegenwart“

147 4533 159 4585 l
179 4533 223 4601 8²,
244 4531 336 4587 Berlin
357 4534 434 4602 1907,
453 4550 477 4602 p.
492 4535 552 4587 449.

236 4621 256 4690 ¹)
278 4622 459 4677 Sniebotta
478 4623 525 4679 l.c.
540 4639 564 4691 p.
580 4623 621 4676 52.

1215 4727 1263 4778 11*
