3496 5310
910 405 953 471 42

318 643 411 690 mone
446 621 693 708 scripserunt1).
749 622 829 690 illud
863 646 935 698 -ως
967 623 1009 688 ab
1042 621 1150 688 Ennio
1185 639 1286 701 usque
1320 620 1363 686 ad
1395 619 1546 688 Ovidium

319 751 481 813 uunquam
517 736 677 797 mutatum
714 737 780 812 est,
817 731 934 812 ubique
967 725 1077 798 ‘heros‘
1113 729 1283 811 dixerunt,
1320 728 1398 811 quia
1433 729 1548 795 deerat

319 839 507 906 terminatio
532 839 655 905 Latina
679 858 762 920 quae
786 839 860 904 huic
884 862 955 915 -ως
978 857 1039 920 par
1064 842 1162 918 esset,
1191 856 1295 918 neque
1319 835 1548 918 reperiebatur

320 967 434 1013 nornen
452 947 606 1013 Latinum
632 947 718 1028 quod
735 945 820 1012 idem
838 945 1041 1030 signiticaret
1058 951 1156 1028 atque
1173 944 1346 1010 Graecum.
1378 943 1491 1026 itaque
1506 964 1548 1010 ne

319 1055 417 1123 Athos
440 1055 567 1136 quidem
592 1062 627 1120 et
653 1055 733 1121 Tros
756 1060 791 1120 et
813 1054 993 1140 Andropaos
1016 1060 1049 1120 et
1075 1053 1142 1119 alia
1166 1053 1295 1118 nomina
1322 1051 1391 1118 eius
1415 1053 1548 1135 generis

320 1182 463 1245 unquam
493 1168 622 1228 mutata
651 1170 738 1228 sunt.
786 1181 891 1244 neque
920 1161 1026 1226 minus
1056 1159 1265 1226 difficultatis
1298 1177 1394 1225 castis
1426 1159 1549 1240 obliqui

320 1271 524 1353 praebebant
541 1269 702 1336 rrominum
728 1269 861 1351 quaein
879 1293 950 1346 -ως
973 1269 1127 1335 desinunt
1151 1274 1186 1334 et
1209 1286 1343 1348 quorum
1373 1267 1547 1350 genetivus

320 1397 383 1444 uon
408 1398 473 1444 una
489 1378 619 1461 syllaba
636 1378 766 1443 crescit.
800 1385 911 1442 cetera
928 1376 1012 1442 enim
1029 1376 1160 1442 nomina
1177 1375 1268 1442 velut
1282 1375 1394 1441 Minos
1410 1375 1545 1440 tertiam

321 1485 572 1553 declinationem
589 1485 682 1566 sequi
699 1491 887 1567 potuerunt,
909 1503 968 1567 pro
985 1484 1088 1551 Athon
1103 1502 1184 1551 vero
1201 1483 1390 1549 accusativo
1407 1481 1549 1549 Latinae

320 1594 551 1660 declinationis
577 1592 685 1658 forma
709 1612 772 1658 uon
798 1593 962 1659 exstabat.
996 1593 1132 1658 eundern
1160 1593 1200 1658 ob
1226 1609 1357 1656 causam
1382 1590 1549 1674 Vergilius

320 1703 507 1786 genetivum
532 1699 615 1767 iecit
630 1701 802 1784 Andropeq
827 1718 1022 1781 quamquam
1046 1700 1152 1765 altero
1176 1700 1247 1765 loco
1271 1698 1439 1782 volgarem
1464 1698 1548 1764 rati·

230 1877 233 1882 ,
321 1827 412 1876 onem
438 1815 573 1876 secutus
598 1807 754 1894 Andropei
778 1807 872 1874 dixit.

410 1916 522 1997 Neque
545 1915 655 1998 aptior
680 1921 754 1981 erat
777 1920 814 1982 ut
838 1915 870 1981 in
887 1914 1043 1981 Latinam
1065 1914 1317 1980 declinationem
1333 1913 1548 1996 reciperetur,

322 2023 541 2090 nominativus
580 2024 633 2090 vel
673 2023 883 2090 accusativus
922 2023 1086 2089 nominum
1124 2045 1179 2105 -ps
1214 2021 1338 2087 litteris
1372 2020 1548 2087 finitorum.

320 2132 585 2200 Rhadamanthus
609 2137 827 2212 centenaque
852 2151 872 2196 a
896 2130 1041 2214 Vergilio
1071 2149 1174 2211 neque
1200 2131 1241 2196 ab
1266 2129 1330 2196 alio
1354 2137 1454 2211 poeta
1478 2128 1549 2194 eius

322 2239 480 2320 temporis
505 2238 567 2304 tali
592 2238 686 2304 modo
710 2237 873 2304 eGraeco
893 2238 1158 2321 Rhadamanthys
1182 2235 1312 2302 nomine
1336 2235 1549 2302 reformatum

322 2352 388 2426 est,
421 2348 478 2412 sed
503 2346 585 2413 nihil
609 2346 698 2412 aliud
722 2351 773 2412 est
796 2346 860 2411 uisi
885 2344 993 2411 forma
1017 2347 1101 2410 satis
1126 2345 1263 2426 antiqua
1287 2349 1387 2427 atque
1410 2343 1548 2410 usitata.

322 2453 416 2520 liuius
447 2453 586 2520 nominis
617 2473 731 2521 veram
764 2453 923 2536 originem
957 2451 1159 2535 formamque
1189 2471 1325 2533 prorsus
1350 2449 1551 2518 obsolevisse

321 2563 589 2628 Rhadamanthon
602 2561 798 2628 Ovidianurn
815 2561 895 2626 illud
912 2560 1008 2628 docet
1025 2559 1089 2644 (IX
1102 2560 1191 2646 446),
1210 2559 1305 2642 quasi
1320 2555 1552 2642 Ῥαδάμανθυς

324 2669 446 2736 Graeci
470 2669 626 2734 dixerint.

412 2776 550 2842 Nomina
584 2775 734 2842 neutrius
769 2775 915 2859 generis,
952 2793 1088 2856 quorum
1123 2777 1243 2857 stirpes
1279 2773 1365 2857 apud
1401 2772 1551 2840 Graecos

321 2885 355 2950 iu
381 2907 469 2951 —aa-
495 2884 658 2964 desinunt,
683 2884 806 2950 nullam
832 2885 970 2950 formam
996 2882 1225 2949 declinationis
1249 2881 1392 2948 Latinae
1415 2880 1551 2948 invene·

324 2997 411 3073 runt,
436 2993 487 3057 cui
508 2989 791 3073 adaequarentur.'
815 3010 857 3057 ue
873 2989 1000 3056 Ennius
1024 2990 1152 3072 quidem
1177 3009 1276 3056 ausus
1300 2993 1353 3054 est
1375 3007 1433 3070 pro
1457 2989 1553 3056 melos

324 3096 380 3184 (ir.
398 3100 437 3165 A.
456 3099 534 3182 299)
558 3100 657 3165 melna
682 3099 803 3180 dicere,
828 3117 1022 3179 quamquam
1046 3097 1194 3163 omnibus
1215 3097 1396 3163 nominibus
1414 3095 1553 3162 Graecis

324 3205 465 3272 Latinas
496 3207 576 3272 dare
608 3206 856 3272 terminationes
887 3206 1055 3272 studebat.
1108 3223 1205 3270 unum
1238 3204 1289 3270 his
1320 3225 1338 3270 e
1369 3203 1554 3270 nominibus

324 3313 551 3397 excipiendum
575 3321 638 3381 est:
667 3315 809 3400 pelopea,
836 3313 921 3395 quod
940 3313 1204 3380 terminationem
1228 3312 1291 3378 sibi
1316 3312 1437 3378 ascivit
1459 3311 1554 3378 Lati-

324 3441 398 3488 nam
422 3420 569 3488 iortasse
593 3421 634 3488 iis
659 3421 724 3488 iam
750 3421 967 3503 temporibus
999 3421 1117 3503 quibus
1147 3420 1335 3487 terminatio
1359 3419 1481 3486 Latina
1504 3441 1555 3486 -os

324 3529 428 3613 magis
458 3529 627 3612 magisque
660 3530 823 3596 obsolevit
854 3536 888 3595 et
918 3551 971 3595 -ns
1000 3527 1093 3594 facta
1117 3534 1178 3594 est.
1226 3546 1329 3612 genus
1353 3533 1465 3594 tamen
1489 3545 1554 3592 non

324 3636 476 3704 mutavit.
509 3637 542 3703 in
568 3637 688 3719 plurali
712 3645 820 3704 autern
845 3655 979 3703 numero
1005 3636 1112 3702 omnia
1136 3636 1218 3702 baec
1241 3634 1373 3702 uomina
1391 3635 1553 3702 Graecam

324 3750 502 3811 servarunt
528 3743 790 3811 terminationem
815 3767 858 3826 -e,
887 3763 948 3826 pro
973 3763 1036 3824 qua
1060 3766 1097 3809 -o
1121 3762 1242 3826 ponere
1265 3761 1358 3809 nemo
1381 3748 1554 3825 poetarum

325 3870 424 3918 ausus
441 3857 502 3918 est.
535 3852 649 3934 Neque
666 3852 771 3935 magis
789 3858 863 3918 erat
885 3852 997 3918 modus
1022 3870 1084 3933 quo
1108 3856 1225 3934 poetae
1250 3851 1381 3916 nomina
1405 3849 1555 3916 feminini

325 3959 457 4042 generis
474 3978 608 4040 quorum
622 3959 857 4026 nominativum
870 3958 993 4025 Graeci
1009 3983 1061 4025 -a
1076 3959 1184 4026 vocali
1201 3957 1390 4040 finiverunt,
1408 3957 1443 4023 in
1458 3956 1555 4023 Leti-

326 4086 401 4133 num
425 4086 604 4134 sermonem
628 4067 821 4150 reciperent.
870 4067 982 4149 itaque
1011 4072 1045 4133 et
1071 4066 1308 4132 nominativum
1332 4070 1366 4135 et
1390 4064 1553 4131 nonsati-

325 4193 415 4258 vum,
456 4175 533 4257 quia
566 4195 628 4258 par
661 4183 735 4241 erat
768 4175 983 4257 nominativo,
1020 4175 1221 4242 Graecorum
1256 4173 1349 4240 modo
1377 4173 1552 4256 finxerunt,

327 4289 454 4349 ceteros
479 4289 589 4349 autern
614 4302 709 4350 casus
732 4282 896 4365 obliquos,
929 4287 1084 4363 quantum
1116 4282 1188 4348 fieri
1215 4282 1336 4363 potuit,
1368 4280 1552 4348 evitabant.

327 4391 373 4456 nt
389 4409 450 4472 quo
474 4391 544 4457 loco
567 4391 722 4474 genetivo
740 4410 820 4473 opus
836 4395 919 4473 erat,
945 4391 1105 4457 Graecam
1123 4387 1261 4456 formam
1277 4387 1442 4456 insolitam
1461 4386 1553 4454 ferre

419 4623 437 4692 ¹)
457 4623 496 4680 Cf.
516 4622 656 4678 Obarbius
675 4621 744 4680 ab.
763 4621 839 4679 192.
