3496 5310
859 407 1073 510 ,ο-

510 615 686 688 ‘Ooerauou
707 618 869 704 Iphitiden
892 631 920 690 et
941 622 1156 708 Alastoraque
1180 622 1441 711 Obromimuque‘

510 725 766 812 Alcandrumque
787 728 982 815 Haliumque
1005 731 1226 817 Noemonaque
1249 733 1478 820 Prptom'aque’

351 833 654 917 mssvfflhm

480 937 563 1008 ςἔνθ’
585 939 639 1026 ὅγε
661 941 830 1033 Κοίρανον
852 936 938 1011 εἷλεν
960 941 1143 1035 Ἀλάστορά
1164 971 1202 1013 τε
1224 947 1377 1037 Χρομίον
1398 974 1435 1016 τε

472 1044 675 1139 ’amantque
696 1046 734 1116 θ’
750 1047 864 1118 (Ἀλεὸν
886 1075 922 1118 τε
945 1049 1104 1141 Νοήμονά
1127 1077 1164 1120 τε
1186 1053 1358 1143 Πρύτανίν
1381 1052 1437 1124 ee'.

350 1155 464 1238 itaqua
493 1157 616 1224 multas
648 1156 773 1225 formas
797 1158 945 1227 Graecas
976 1160 1064 1226 hune
1091 1161 1134 1228 ad
1158 1177 1251 1228 usum
1275 1169 1445 1245 poetarum
1471 1165 1583 1232 redire

351 1264 424 1331 iure
448 1264 696 1331 arbitrabimur.

441 1373 530 1438 Ante
565 1372 774 1454 Propertium
813 1378 848 1440 et
882 1373 1033 1442 Ovidium
1069 1381 1188 1457 poetae
1226 1377 1415 1460 genetivum
1452 1378 1583 1447 Graeco

352 1497 441 1546 mare
470 1501 518 1546 -es
547 1479 672 1547 litteris
702 1481 836 1563 saepius
867 1481 962 1550 finire
993 1483 1202 1551 dubitabant.
1250 1479 1409 1569 eiigitur
1433 1486 1583 1556 Catullus

353 1586 478 1654 duobus
514 1588 549 1653 iu
585 1588 784 1657 carminibus
824 1607 908 1672 quae
945 1591 987 1656 ad
1023 1589 1172 1658 Graecos
1211 1591 1321 1659 redire
1354 1593 1476 1661 seimus
1511 1595 1582 1679 (63.

352 1693 428 1781 66),
468 1714 531 1761 non
569 1694 676 1762 minus
711 1696 884 1779 quinquies
919 1697 978 1764 illa
1014 1715 1093 1765 usus
1128 1703 1181 1766 est
1214 1699 1336 1784 forma,
1374 1707 1467 1768 reete
1505 1721 1582 1770 ean-

355 1801 488 1870 eludere
517 1803 597 1869 mihi
627 1803 744 1870 videar
773 1804 835 1870 bas
867 1805 1015 1889 genetivi
1045 1805 1171 1873 formas
1202 1824 1243 1873 ex
1267 1807 1453 1876 imitatione
1476 1809 1583 1878 Grae-

261 1894 264 1899 ’
355 1909 622 1994 communisse,
640 1929 712 1977 cum
728 1910 761 1977 in
779 1911 917 1995 reliquis
930 1913 1132 1980 carminibus
1144 1921 1338 1982 constanter
1351 1917 1584 1985 terminatione

355 2015 480 2082 Latina
503 2039 541 2084 ae
563 2035 641 2084 usus
669 2019 723 2085 sit.
756 2037 861 2102 neque
886 2019 1071 2087 errabimus
1088 2020 1294 2089 Ciceronis
1318 2023 1399 2090 illud
1423 2025 1509 2107 quad
1533 2031 1585 2091 est

355 2123 389 2190 iu
414 2125 549 2192 Arateis
573 2122 718 2213 (36136);

570 2229 715 2318 ‘Alopaue
736 2233 924 2318 Meropeque
949 2232 1080 2302 Gelaeuo
1107 2235 1302 2322 Tayqeleque

569 2339 699 2409 Electra
721 2340 927 2426 Asteropeque
949 2344 1045 2410 simul
1066 2345 1270 2412 saudauma
1291 2341 1399 2413 Maia'

357 2465 462 2528 aeque
486 2452 585 2529 atque
608 2466 727 2515 versus
751 2449 976 2516 Germanici
1000 2450 1110 2535 (Aret.
1136 2449 1291 2538 realem:

571 2551 710 2622 ‘Eledra
732 2554 927 2640 Aleqmreque
951 2557 1141 2641 calamoque
1162 2557 1350 2642 Meropeque

572 2664 777 2747 Asteropeque
799 2671 827 2730 et
853 2665 987 2748 Tappulo
1009 2672 1037 2732 et
1059 2664 1156 2733 Maia
1173 2661 1315 2749 pareule’

358 2789 400 2837 ex
430 2768 547 2836 Arati
578 2770 749 2852 phaenon.
797 2790 829 2839 v.
853 2771 917 2836 262
941 2791 989 2853 sq.
1020 2773 1223 2840 verbotenus
1255 2773 1480 2857 depromptum
1512 2792 1588 2842 esse

358 2883 560 2944 statuentes:

519 2981 689 3072 ‘totusue
713 2981 857 3072 Μερόπη
880 3008 917 3050 τε
938 2982 1091 3052 Κελαινώ
1112 2982 1142 3052 τ’
1163 2981 1320 3075 Ἠλέκτρη
1342 3010 1379 3053 τε

519 3091 574 3158 καὶ
598 3089 749 3181 Στερόπη
772 3091 828 3158 καὶ
853 3090 998 3181 Τηῦγέτη
1021 3092 1078 3159 καὶ
1099 3088 1220 3159 πότνια
1243 3090 1363 3160 Μαῖα’.

448 3199 674 3266 Lucretium
705 3199 994 3266 terminationibus
1020 3198 1158 3266 Graecis
1190 3199 1392 3267 abstinuisse
1423 3219 1441 3268 e
1471 3201 1588 3283 paucis

360 3305 474 3373 formis
505 3325 590 3398 quae
619 3306 653 3372 in
685 3305 754 3372 eius
786 3306 888 3396 libris,
910 3307 1137 3390 inveniuntur,
1169 3307 1286 3374 elucet.
1339 3307 1454 3374 mirum
1484 3308 1590 3393 igitur

361 3421 420 3498 est,
446 3415 532 3496 quad
554 3432 616 3480 uno
640 3414 710 3480 loco
735 3412 796 3499 (IV
815 3414 902 3481 1160
917 3412 1000 3500 sqq.)
1023 3415 1188 3497 permulta
1203 3414 1335 3481 nomina
1352 3415 1491 3499 Graeca,
1508 3415 1590 3498 quin

360 3525 460 3591 etiam
500 3523 636 3589 verbum
674 3521 836 3589 Graecum
876 3521 1041 3604 adhibuit,
1081 3541 1217 3604 quorum
1251 3522 1407 3604 pleraque
1439 3522 1590 3590 Graecas

362 3630 611 3698 terminationes
635 3629 755 3712 partim
779 3629 959 3696 inusitatas
987 3667 1029 3677 -
1059 3630 1153 3696 velut
1175 3629 1316 3698 alardou
1338 3629 1513 3714 genetivus
1544 3641 1589 3679 -‘

359 3739 531 3822 praebent.
565 3755 620 3802 res
637 3736 738 3803 facile
754 3736 972 3820 intellegitur,
989 3737 1019 3802 si
1034 3737 1224 3804 Lucretium
1241 3757 1259 3804 e
1275 3736 1397 3804 Graeci
1414 3737 1589 3820 seripturis

361 3865 460 3929 opere
483 3845 633 3912 hausisse
656 3845 866 3926 suspicamur.
914 3851 1013 3926 poeta
1037 3863 1075 3912 ea
1099 3863 1193 3926 quem
1218 3843 1285 3910 dixi
1309 3845 1381 3910 loeo
1404 3851 1589 3913 amatorem

361 3956 494 4035 eiusque
518 3971 624 4036 mores
647 3953 767 4018 stultos
790 3950 959 4017 describit.
1000 3953 1181 4034 exemplum
1201 3951 1303 4036 igitur
1326 3951 1396 4019 eius
1420 3952 1508 4035 apud
1531 3971 1590 4021 eos

351 4062 509 4129 Graecos
526 4059 711 4142 'scriptores
735 4059 957 4140 quaerendum
981 4065 1042 4144 est,
1067 4059 1122 4141 qui
1141 4062 1264 4126 amnem
1282 4077 1414 4142 operum
1430 4059 1464 4125 iu
1479 4078 1589 4128 morea

361 4169 592 4236 describendos
624 4166 862 4249 impenderunt.
910 4165 1028 4233 seimus
1058 4167 1144 4234 enim
1173 4167 1367 4234 eTeletis
1391 4171 1425 4232 et
1448 4167 1589 4234 Bionis

361 4277 515 4345 diatribis
539 4277 572 4342 in
597 4275 713 4357 quibus
737 4293 897 4357 persaepe
920 4293 1025 4340 mores
1048 4275 1212 4341 hominum
1236 4278 1271 4342 et
1298 4273 1530 4342 deseribuntur
1553 4284 1588 4342 el

313 4378 318 4443 ἶ
360 4385 559 4465 illuduntur,
589 4382 695 4448 multa
726 4381 825 4448 utin
857 4381 1041 4448 comoedias
1072 4380 1291 4449 Terentianae
1320 4381 1370 4448 ita
1399 4380 1434 4448 in
1465 4381 1589 4452 Horati

362 4509 528 4558 sermones
551 4488 732 4576 luxissem.
773 4494 808 4556 et
832 4491 874 4556 ad
897 4490 984 4556 tales
1009 4489 1171 4556 diatribae
1194 4490 1248 4557 vel
1272 4488 1374 4556 etiarn
1402 4489 1444 4556 ad
1473 4513 1588 4580 χαρα-

363 4622 369 4627 .
402 4619 573 4626 ----

457 4669 475 4740 ι)
496 4669 537 4724 Cf.
558 4668 670 4736 Heinze,
694 4667 739 4723 De
756 4667 877 4722 Horatio
895 4667 995 4722 Br'om'a
1012 4667 1156 4736 imitatore,
1176 4666 1289 4722 Bonuae
1308 4665 1385 4724 1889.
