<?xml version="1.0" encoding="UTF-8"?>
<!DOCTYPE html PUBLIC "-//W3C//DTD XHTML 1.0 Transitional//EN"
    "http://www.w3.org/TR/xhtml1/DTD/xhtml1-transitional.dtd">
<html xmlns="http://www.w3.org/1999/xhtml" xml:lang="en" lang="en">
 <head>
  <title>
</title>
<meta http-equiv="Content-Type" content="text/html;charset=utf-8" />
  <meta name='ocr-system' content='tesseract 3.04.00' />
  <meta name='ocr-capabilities' content='ocr_page ocr_carea ocr_par ocr_line ocrx_word'/>
</head>
<body>
  <div class='ocr_page' id='page_1' title='image "./deviatqueindole00cohngoog/deviatqueindole00cohngoog_0244.png"; bbox 0 0 3428 5310; ppageno 0'>
   <div class='ocr_carea' id='block_1_1' title="bbox 697 374 738 437">
    <p class='ocr_par' dir='ltr' id='par_1_1' title="bbox 697 374 738 437">
     <span class='ocr_line' id='line_1_1' title="bbox 697 374 738 437; baseline -0.024 0"><span class='ocrx_word' id='word_1_1' title='bbox 697 374 738 437; x_wconf 80' lang='lat'>55</span> 
     </span>
    </p>
   </div>
   <div class='ocr_carea' id='block_1_2' title="bbox 118 583 1334 670">
    <p class='ocr_par' dir='ltr' id='par_1_2' title="bbox 118 583 1334 670">
     <span class='ocr_line' id='line_1_2' title="bbox 118 583 1334 670; baseline -0.002 -19"><span class='ocrx_word' id='word_1_2' title='bbox 118 585 224 670; x_wconf 86' lang='lat' dir='ltr'>ubique</span> <span class='ocrx_word' id='word_1_3' title='bbox 251 585 316 652; x_wconf 84' lang='lat' dir='ltr'>iere</span> <span class='ocrx_word' id='word_1_4' title='bbox 345 605 519 652; x_wconf 84' lang='lat' dir='ltr'>sermonem</span> <span class='ocrx_word' id='word_1_5' title='bbox 548 586 742 652; x_wconf 78' lang='lat' dir='ltr'>cotidianum</span> <span class='ocrx_word' id='word_1_6' title='bbox 769 585 860 653; x_wconf 88' lang='lat' dir='ltr'>nobis</span> <span class='ocrx_word' id='word_1_7' title='bbox 884 585 1064 652; x_wconf 82' lang='lat' dir='ltr'>ostendunt.</span> <span class='ocrx_word' id='word_1_8' title='bbox 1110 585 1277 652; x_wconf 79' lang='lat' dir='ltr'>Praeterea</span> <span class='ocrx_word' id='word_1_9' title='bbox 1300 583 1334 650; x_wconf 85' lang='lat' dir='ltr'>id</span> 
     </span>
    </p>
   </div>
   <div class='ocr_carea' id='block_1_3' title="bbox 115 693 1337 1636">
    <p class='ocr_par' dir='ltr' id='par_1_3' title="bbox 115 693 1337 1636">
     <span class='ocr_line' id='line_1_3' title="bbox 119 693 1334 777; baseline 0.001 -20"><span class='ocrx_word' id='word_1_10' title='bbox 119 711 229 777; x_wconf 85' lang='lat' dir='ltr'>quoque</span> <span class='ocrx_word' id='word_1_11' title='bbox 252 693 393 760; x_wconf 85' lang='lat' dir='ltr'>effecisse</span> <span class='ocrx_word' id='word_1_12' title='bbox 416 693 496 759; x_wconf 90' lang='lat' dir='ltr'>mihi</span> <span class='ocrx_word' id='word_1_13' title='bbox 518 695 635 776; x_wconf 82' lang='lat' dir='ltr'>videor,</span> <span class='ocrx_word' id='word_1_14' title='bbox 659 696 697 759; x_wconf 88' lang='lat' dir='ltr'>ut</span> <span class='ocrx_word' id='word_1_15' title='bbox 718 714 803 760; x_wconf 86' lang='lat' dir='ltr'>nuno</span> <span class='ocrx_word' id='word_1_16' title='bbox 825 694 941 760; x_wconf 87' lang='lat' dir='ltr'>melius</span> <span class='ocrx_word' id='word_1_17' title='bbox 965 695 1171 776; x_wconf 76' lang='lat' dir='ltr'>cognoscatur</span> <span class='ocrx_word' id='word_1_18' title='bbox 1194 711 1334 759; x_wconf 90' lang='lat' dir='ltr'>eommu-</span> 
     </span>
     <span class='ocr_line' id='line_1_4' title="bbox 117 798 1334 886; baseline 0.001 -23"><span class='ocrx_word' id='word_1_19' title='bbox 117 817 179 864; x_wconf 86' lang='lat' dir='ltr'>nen</span> <span class='ocrx_word' id='word_1_20' title='bbox 201 819 376 867; x_wconf 84' lang='lat' dir='ltr'>sennonem</span> <span class='ocrx_word' id='word_1_21' title='bbox 399 821 460 868; x_wconf 92' lang='lat' dir='ltr'>non</span> <span class='ocrx_word' id='word_1_22' title='bbox 485 802 590 868; x_wconf 90' lang='lat' dir='ltr'>subito</span> <span class='ocrx_word' id='word_1_23' title='bbox 613 801 792 886; x_wconf 85' lang='lat' dir='ltr'>irrepsisse,</span> <span class='ocrx_word' id='word_1_24' title='bbox 817 801 873 866; x_wconf 88' lang='lat' dir='ltr'>sed</span> <span class='ocrx_word' id='word_1_25' title='bbox 896 801 1068 867; x_wconf 79' lang='lat' dir='ltr'><strong>dialectum</strong></span> <span class='ocrx_word' id='word_1_26' title='bbox 1091 798 1232 866; x_wconf 81' lang='lat' dir='ltr'>Atticam</span> <span class='ocrx_word' id='word_1_27' title='bbox 1255 817 1334 883; x_wconf 87' lang='lat' dir='ltr'>pan·</span> 
     </span>
     <span class='ocr_line' id='line_1_5' title="bbox 117 905 1334 992; baseline 0.002 -23"><span class='ocrx_word' id='word_1_28' title='bbox 117 905 196 972; x_wconf 83' lang='lat' dir='ltr'>latim</span> <span class='ocrx_word' id='word_1_29' title='bbox 232 908 361 974; x_wconf 79' lang='lat' dir='ltr'>vocibus</span> <span class='ocrx_word' id='word_1_30' title='bbox 393 912 449 975; x_wconf 83' lang='lat' dir='ltr'>ent</span> <span class='ocrx_word' id='word_1_31' title='bbox 478 909 567 976; x_wconf 84' lang='lat' dir='ltr'>novis</span> <span class='ocrx_word' id='word_1_32' title='bbox 595 909 651 975; x_wconf 80' lang='lat' dir='ltr'>sut</span> <span class='ocrx_word' id='word_1_33' title='bbox 673 908 802 975; x_wconf 85' lang='lat' dir='ltr'>aliunde</span> <span class='ocrx_word' id='word_1_34' title='bbox 825 909 968 992; x_wconf 88' lang='lat' dir='ltr'>repetitis</span> <span class='ocrx_word' id='word_1_35' title='bbox 992 910 1117 974; x_wconf 62' lang='lat' dir='ltr'>aueum</span> <span class='ocrx_word' id='word_1_36' title='bbox 1141 907 1172 974; x_wconf 88' lang='lat' dir='ltr'>et</span> <span class='ocrx_word' id='word_1_37' title='bbox 1196 906 1334 992; x_wconf 82' lang='lat' dir='ltr'>amplifi·</span> 
     </span>
     <span class='ocr_line' id='line_1_6' title="bbox 117 1013 1333 1101; baseline 0.002 -23"><span class='ocrx_word' id='word_1_38' title='bbox 117 1015 207 1082; x_wconf 79' lang='lat' dir='ltr'>uum</span> <span class='ocrx_word' id='word_1_39' title='bbox 239 1035 325 1096; x_wconf 85' lang='lat' dir='ltr'>esse,</span> <span class='ocrx_word' id='word_1_40' title='bbox 355 1017 452 1101; x_wconf 90' lang='lat' dir='ltr'>idque</span> <span class='ocrx_word' id='word_1_41' title='bbox 483 1017 547 1082; x_wconf 83' lang='lat' dir='ltr'>iam</span> <span class='ocrx_word' id='word_1_42' title='bbox 577 1017 652 1082; x_wconf 88' lang='lat' dir='ltr'>inde</span> <span class='ocrx_word' id='word_1_43' title='bbox 683 1035 702 1080; x_wconf 85' lang='lat' dir='ltr'><strong>a</strong></span> <span class='ocrx_word' id='word_1_44' title='bbox 731 1015 946 1100; x_wconf 78' lang='lat' dir='ltr'>Xenophontis</span> <span class='ocrx_word' id='word_1_45' title='bbox 977 1014 1183 1101; x_wconf 80' lang='lat' dir='ltr'>temporibus.</span> <span class='ocrx_word' id='word_1_46' title='bbox 1243 1013 1333 1094; x_wconf 84' lang='lat' dir='ltr'>Quod</span> 
     </span>
     <span class='ocr_line' id='line_1_7' title="bbox 120 1121 1335 1209; baseline 0 -24"><span class='ocrx_word' id='word_1_47' title='bbox 120 1121 246 1187; x_wconf 76' lang='lat' dir='ltr'>testetur</span> <span class='ocrx_word' id='word_1_48' title='bbox 269 1125 376 1189; x_wconf 80' lang='lat' dir='ltr'>auctor</span> <span class='ocrx_word' id='word_1_49' title='bbox 399 1124 475 1190; x_wconf 89' lang='lat' dir='ltr'>libri</span> <span class='ocrx_word' id='word_1_50' title='bbox 500 1125 538 1190; x_wconf 88' lang='lat' dir='ltr'>de</span> <span class='ocrx_word' id='word_1_51' title='bbox 561 1144 594 1190; x_wconf 88' lang='lat' dir='ltr'>ro</span> <span class='ocrx_word' id='word_1_52' title='bbox 617 1123 747 1208; x_wconf 82' lang='lat' dir='ltr'>publica</span> <span class='ocrx_word' id='word_1_53' title='bbox 769 1123 1023 1204; x_wconf 85' lang='lat' dir='ltr'>Atheniensium,</span> <span class='ocrx_word' id='word_1_54' title='bbox 1048 1122 1103 1209; x_wconf 90' lang='lat' dir='ltr'>qui</span> <span class='ocrx_word' id='word_1_55' title='bbox 1125 1122 1209 1188; x_wconf 88' lang='lat' dir='ltr'>inter</span> <span class='ocrx_word' id='word_1_56' title='bbox 1231 1121 1335 1186; x_wconf 87' lang='lat' dir='ltr'>Xeno-</span> 
     </span>
     <span class='ocr_line' id='line_1_8' title="bbox 116 1227 1335 1316; baseline 0 -23"><span class='ocrx_word' id='word_1_57' title='bbox 116 1227 257 1310; x_wconf 91' lang='lat' dir='ltr'>phonteos</span> <span class='ocrx_word' id='word_1_58' title='bbox 296 1230 396 1297; x_wconf 87' lang='lat' dir='ltr'>fertur</span> <span class='ocrx_word' id='word_1_59' title='bbox 430 1230 543 1316; x_wconf 88' lang='lat' dir='ltr'>libros,</span> <span class='ocrx_word' id='word_1_60' title='bbox 585 1231 653 1297; x_wconf 88' lang='lat' dir='ltr'>loeo</span> <span class='ocrx_word' id='word_1_61' title='bbox 688 1229 887 1298; x_wconf 91' lang='lat' dir='ltr'>nobilissimo</span> <span class='ocrx_word' id='word_1_62' title='bbox 921 1230 976 1314; x_wconf 70' lang='grc' dir='ltr'>(Π,</span> <span class='ocrx_word' id='word_1_63' title='bbox 998 1232 1031 1310; x_wconf 88' lang='grc'>8)</span> <span class='ocrx_word' id='word_1_64' title='bbox 1065 1229 1099 1296; x_wconf 90' lang='lat' dir='ltr'>in</span> <span class='ocrx_word' id='word_1_65' title='bbox 1139 1247 1200 1315; x_wconf 91' lang='lat' dir='ltr'>quo</span> <span class='ocrx_word' id='word_1_66' title='bbox 1238 1229 1335 1294; x_wconf 87' lang='lat' dir='ltr'>finem</span> 
     </span>
     <span class='ocr_line' id='line_1_9' title="bbox 116 1334 1337 1420; baseline -0.001 -22"><span class='ocrx_word' id='word_1_67' title='bbox 116 1334 283 1404; x_wconf 78' lang='lat' dir='ltr'>disserendi</span> <span class='ocrx_word' id='word_1_68' title='bbox 298 1337 427 1404; x_wconf 75' lang='lat' dir='ltr'>faciam:</span> <span class='ocrx_word' id='word_1_69' title='bbox 456 1347 541 1420; x_wconf 74' lang='grc' dir='ltr'>φωνὴν</span> <span class='ocrx_word' id='word_1_70' title='bbox 564 1353 644 1400; x_wconf 80' lang='grc' dir='ltr'>πᾶσαν</span> <span class='ocrx_word' id='word_1_71' title='bbox 667 1344 800 1408; x_wconf 65' lang='lat' dir='ltr'>dantum&lt;</span> <span class='ocrx_word' id='word_1_72' title='bbox 822 1345 963 1408; x_wconf 71' lang='grc' dir='ltr'><strong>ἐξελέξαντο</strong></span> <span class='ocrx_word' id='word_1_73' title='bbox 981 1349 1053 1400; x_wconf 78' lang='grc' dir='ltr'>τοῦτο</span> <span class='ocrx_word' id='word_1_74' title='bbox 1071 1345 1116 1416; x_wconf 66' lang='grc' dir='ltr'>μὶν</span> <span class='ocrx_word' id='word_1_75' title='bbox 1134 1343 1163 1398; x_wconf 66' lang='grc' dir='ltr'>ἐκ</span> <span class='ocrx_word' id='word_1_76' title='bbox 1180 1349 1236 1417; x_wconf 71' lang='grc' dir='ltr'>τῆς,</span> <span class='ocrx_word' id='word_1_77' title='bbox 1263 1347 1337 1397; x_wconf 71' lang='grc' dir='ltr'><strong>τοῦτο</strong></span> 
     </span>
     <span class='ocr_line' id='line_1_10' title="bbox 115 1449 1337 1528; baseline 0.001 -24"><span class='ocrx_word' id='word_1_78' title='bbox 115 1450 179 1506; x_wconf 70' lang='lat' dir='ltr'>osu</span> <span class='ocrx_word' id='word_1_79' title='bbox 195 1459 249 1526; x_wconf 78' lang='grc' dir='ltr'>τῆς,</span> <span class='ocrx_word' id='word_1_80' title='bbox 267 1455 309 1508; x_wconf 73' lang='grc' dir='ltr'>καὶ</span> <span class='ocrx_word' id='word_1_81' title='bbox 327 1454 350 1507; x_wconf 80' lang='lat' dir='ltr'>ot</span> <span class='ocrx_word' id='word_1_82' title='bbox 368 1455 412 1526; x_wconf 79' lang='grc' dir='ltr'>μὲν</span> <span class='ocrx_word' id='word_1_83' title='bbox 425 1449 545 1528; x_wconf 78' lang='grc' dir='ltr'>Ἕλληνες</span> <span class='ocrx_word' id='word_1_84' title='bbox 564 1455 612 1528; x_wconf 72' lang='grc' dir='ltr'>ἰδίᾳ</span> <span class='ocrx_word' id='word_1_85' title='bbox 629 1453 723 1525; x_wconf 73' lang='grc' dir='ltr'><strong>μᾶλλον</strong></span> <span class='ocrx_word' id='word_1_86' title='bbox 741 1456 784 1508; x_wconf 77' lang='grc' dir='ltr'>καὶ</span> <span class='ocrx_word' id='word_1_87' title='bbox 802 1457 874 1528; x_wconf 77' lang='grc' dir='ltr'>φωνῇ</span> <span class='ocrx_word' id='word_1_88' title='bbox 892 1455 935 1507; x_wconf 77' lang='grc' dir='ltr'>καὶ</span> <span class='ocrx_word' id='word_1_89' title='bbox 953 1452 1031 1527; x_wconf 74' lang='lat' dir='ltr'>teuit-p</span> <span class='ocrx_word' id='word_1_90' title='bbox 1047 1454 1089 1506; x_wconf 78' lang='grc' dir='ltr'>καὶ</span> <span class='ocrx_word' id='word_1_91' title='bbox 1101 1451 1209 1526; x_wconf 74' lang='grc' dir='ltr'>σχήματι</span> <span class='ocrx_word' id='word_1_92' title='bbox 1220 1457 1337 1526; x_wconf 73' lang='grc' dir='ltr'>γρῶνταῑ,</span> 
     </span>
     <span class='ocr_line' id='line_1_11' title="bbox 115 1559 1032 1636; baseline -0.002 -21"><span class='ocrx_word' id='word_1_93' title='bbox 115 1559 228 1634; x_wconf 72' lang='grc' dir='ltr'><strong>Ἀθηναῖοι</strong></span> <span class='ocrx_word' id='word_1_94' title='bbox 246 1561 272 1616; x_wconf 78' lang='grc' dir='ltr'>δὲ</span> <span class='ocrx_word' id='word_1_95' title='bbox 290 1563 428 1636; x_wconf 63' lang='grc' dir='ltr'>κεκραμένη</span> <span class='ocrx_word' id='word_1_96' title='bbox 446 1561 471 1624; x_wconf 69' lang='grc' dir='ltr'>ἐξ</span> <span class='ocrx_word' id='word_1_97' title='bbox 489 1562 604 1617; x_wconf 73' lang='grc' dir='ltr'>ἁπάντων</span> <span class='ocrx_word' id='word_1_98' title='bbox 623 1569 674 1615; x_wconf 81' lang='grc' dir='ltr'>τῶν</span> <span class='ocrx_word' id='word_1_99' title='bbox 687 1559 813 1635; x_wconf 79' lang='grc' dir='ltr'>Ἑλλήνων</span> <span class='ocrx_word' id='word_1_100' title='bbox 831 1562 873 1615; x_wconf 74' lang='grc' dir='ltr'>καὶ</span> <span class='ocrx_word' id='word_1_101' title='bbox 893 1561 1032 1634; x_wconf 79' lang='grc' dir='ltr'>βαρβάρων.</span> 
     </span>
    </p>
   </div>
   <div class='ocr_carea' id='block_1_4' title="bbox 0 0 1718 5303">
    <p class='ocr_par' dir='ltr' id='par_1_4' title="bbox 0 0 1718 5303">
     <span class='ocr_line' id='line_1_12' title="bbox 0 0 1718 5303; baseline 0 0"><span class='ocrx_word' id='word_1_102' title='bbox 0 0 1718 5303; x_wconf 95' lang='lat' dir='ltr'> </span> 
     </span>
    </p>
   </div>
  </div>
 </body>
</html>
