3496 5310
778 429 821 494 53

186 645 443 728 deformaretur,
467 644 497 710 si
520 645 630 711 Aenea
653 650 838 712 vocaretur.
882 644 941 712 sed
965 644 1113 710 fortasse
1136 641 1281 708 aliaest
1304 659 1417 726 causa,

187 772 248 819 cur
263 752 383 834 ubique
398 751 525 820 Aeneas
541 751 652 818 dicere
668 751 820 833 voluerit,
845 753 886 820 do
903 770 968 834 qua
983 750 1073 816 inira
1090 749 1248 815 nonnulla
1265 749 1417 816 adiciam.

277 859 357 926 (ium
380 863 490 926 autem
514 864 666 925 cantum
691 858 984 942 quinquaginta
1007 858 1089 924 locis
1109 857 1236 924 Aeneas
1260 855 1416 938 posuerit,

185 971 369 1034 ceterorum
402 983 529 1048 quoque
561 964 726 1032 nominum
759 965 1025 1032 terminationem
1059 962 1222 1030 Graecam
1257 963 1416 1044 servavit,

186 1092 322 1156 qnorum
347 1073 410 1140 duo
434 1077 563 1139 tantum
580 1071 702 1138 Latino
727 1072 777 1138 ori
796 1073 957 1155 adaptata
972 1076 1077 1138 metro
1094 1089 1158 1138 uon
1174 1069 1418 1137 satisfecissent

185 1180 251 1247 nisi
282 1180 315 1247 in
346 1180 554 1264 synaloepha
583 1179 757 1246 collocata:
793 1179 905 1262 Bitias
933 1179 1068 1248 Boreas.
1116 1178 1267 1260 exempla
1297 1179 1418 1244 desunt

184 1289 222 1354 iu
252 1287 403 1354 Tibulli
440 1287 566 1372 elegiis
621 1286 810 1369 Properti
841 1291 875 1354 et
907 1286 1024 1355 Ovidi
1062 1286 1263 1352 consuetudo
1303 1284 1417 1352 eadem

185 1402 240 1462 est
269 1415 309 1462 ac
331 1394 475 1479 Vergili,
507 1394 573 1461 nisi
602 1394 690 1477 qnod
720 1393 840 1461 Ouidio
869 1393 1012 1478 Marsya
1039 1393 1107 1478 (VI
1130 1391 1213 1478 400)
1245 1391 1417 1459 dicendum

185 1508 270 1570 erat.
323 1502 499 1571 verisimile
536 1509 588 1569 est
621 1501 749 1586 Vergili
784 1501 966 1584 exemplum
1003 1518 1115 1568 omnes
1148 1503 1264 1583 poetas
1297 1499 1352 1583 qui
1387 1499 1417 1566 ei

185 1616 429 1695 successerunt,
454 1615 585 1677 secutos
608 1628 690 1676 esse.

276 1718 308 1786 5.
341 1717 501 1786 Similiter
522 1737 576 1784 res
600 1735 637 1784 se
660 1717 761 1783 habet
783 1716 817 1782 in
838 1715 1021 1783 nominibus
1045 1734 1180 1798 quornm
1196 1714 1417 1783 nominativus

184 1845 308 1910 graece
330 1825 366 1893 in
389 1850 455 1914 -ης
478 1825 690 1907 terminatur,
715 1824 890 1910 genetivus
912 1823 947 1890 in
971 1847 1047 1892 -oo,
1086 1823 1252 1891 Ennium
1276 1822 1418 1891 Anchisa

184 1939 222 2000 ct
247 1931 388 2002 Aeacida
419 1933 541 2000 dixisse
571 1951 674 2015 supra
703 1933 847 2015 probare
877 1931 1070 1998 studuimus.
1117 1931 1236 1998 desunt
1266 1931 1418 2013 exempla

182 2059 290 2122 usqne
320 2042 364 2108 ad
394 2041 635 2122 Ciceronem,
669 2040 761 2106 cuius
795 2039 829 2106 in
862 2039 999 2106 Arateis
1029 2039 1146 2107 Bootes
1179 2039 1304 2106 duobos
1337 2037 1417 2106 locis

186 2147 380 2234 tr·aditnr¹).
429 2149 544 2216 dicero
576 2154 685 2214 autem
708 2149 770 2214 hoc
793 2147 827 2214 iu
851 2147 981 2214 nomine
1004 2147 1102 2213 metri
1125 2146 1326 2214 necessitate
1350 2164 1417 2212 nou

185 2263 322 2323 coactus
346 2261 398 2322 est
421 2257 582 2323 Graecam
606 2274 743 2322 servare
766 2253 1041 2321 terminationem.
1081 2254 1264 2321 Catullus
1278 2253 1415 2336 Amphi-

184 2361 534 2450 trymiadm(68.112)
559 2362 653 2446 dixit,
678 2380 750 2428 cum
765 2362 1055 2447 Amphitryoniada
1079 2361 1140 2428 nisi
1161 2361 1195 2428 in
1212 2362 1416 2446 synaloepha

185 2471 331 2553 positum
369 2470 403 2537 in
441 2488 573 2538 versum
612 2469 760 2551 recipere
799 2487 864 2535 non
903 2475 1026 2550 posset.
1085 2469 1199 2536 eadem
1238 2469 1279 2534 de
1317 2486 1417 2534 censa

92 2633 98 2646 .
186 2577 385 2644 Horatius
416 2583 451 2644 ct
477 2576 682 2661 Vergilius
714 2575 847 2643 nomine
879 2577 971 2643 velut
1001 2574 1243 2644 Achaemenides
1272 2574 1416 2642 Aeolides

184 2686 400 2752 Anchisiades
430 2685 586 2769 Epytides
614 2685 789 2768 Eurytides
818 2683 1031 2750 Haemonides
1065 2683 1259 2768 Hyrtacides
1289 2683 1416 2750 Iasides

183 2793 383 2860 Imbrasides
409 2790 586 2877 Othryades
609 2791 790 2859 Priamides
813 2792 956 2874 Steropes
985 2809 1050 2857 non
1076 2795 1288 2858 mutaverunt
1311 2809 1414 2873 neque

185 2907 302 2968 cetera
330 2919 464 2981 quorum
493 2898 682 2966 terminatio
705 2899 830 2966 Latina
857 2903 997 2965 metrum
1020 2916 1085 2964 non
1110 2898 1318 2980 offendisset,
1349 2897 1414 2964 alio

185 3009 282 3076 modo
313 3007 480 3074 declinare
509 3007 695 3074 voluerunt.
742 3006 977 3089 Propertius
1007 3024 1201 3090 quamquam
1224 3005 1415 3087 plerumque

185 3115 318 3200 Vergili
342 3115 608 3181 consuetudinem
633 3133 673 3181 ac
696 3115 858 3180 rationem
882 3115 1052 3196 amplexus
1075 3120 1141 3195 est,
1174 3119 1284 3179 tamen
1313 3113 1414 3178 semel

183 3223 341 3290 Latinam
365 3220 504 3288 formam
519 3223 639 3289 Atrida
661 3221 711 3307 (II
738 3222 787 3288 14.
809 3223 837 3308 1)
863 3220 1022 3302 adhibuit,
1047 3221 1145 3289 matri
1167 3240 1269 3288 causa
1287 3219 1413 3304 opinor,

185 3349 258 3397 cum
276 3331 406 3396 Atrides
421 3331 547 3396 duobos
572 3329 647 3396 aliis
672 3329 753 3395 locis
777 3329 888 3395 dicere
912 3347 976 3394 non
1001 3327 1215 3397 dubitaverit.
1247 3328 1413 3396 Ovidius

181 3438 218 3504 in
262 3437 568 3519 metamorphoseon
610 3436 705 3503 libris
750 3437 869 3518 ubique
912 3435 1167 3504 declinationem
1211 3435 1413 3503 Graecorum

182 3551 316 3612 secutus
340 3551 399 3611 est.

275 3651 400 3718 Eadem
431 3651 471 3718 de
497 3651 729 3718 accusativo
754 3650 894 3718 dicenda
917 3658 1005 3717 snut.
1052 3651 1228 3717 multorum
1251 3650 1413 3719 nominum
1482 3701 1483 3706 ,

183 3760 397 3826 accusativus
431 3758 536 3826 latino
575 3756 684 3826 iactus
723 3758 786 3825 uisi
824 3759 858 3825 in
898 3759 1062 3841 positione
1097 3758 1277 3826 collocatus
1312 3759 1413 3827 heroo

183 3867 300 3934 versui
320 3866 424 3934 inseri
447 3867 614 3949 nequibat.
654 3867 768 3949 itaque
791 3871 911 3949 poetae
935 3866 1055 3948 ubique
1078 3868 1138 3932 luas
1161 3866 1412 3933 terminationes

183 3975 334 4042 Graecas
367 3976 614 4056 anteponebant
646 3974 776 4041 Latinis
808 3975 905 4056 idque
939 3995 976 4041 eo
1011 3973 1132 4058 magis,
1168 3993 1230 4057 quo
1265 3974 1414 4056 pluribus

184 4081 300 4149 formis
324 4081 464 4148 Graecis
488 4082 697 4166 grauioribus
722 4083 761 4148 de
785 4082 894 4148 causis
917 4081 969 4148 nsi
993 4088 1078 4148 sunt.
1125 4101 1197 4148 cum
1221 4081 1272 4148 his
1296 4080 1413 4150 formis

184 4189 325 4256 Graecis
349 4189 530 4256 accusativi
551 4209 679 4273 quoque
695 4189 859 4256 nominum
875 4188 1007 4273 generis
1025 4189 1175 4256 feminini
1192 4209 1274 4272 quae
1291 4196 1414 4256 exeunt

184 4297 218 4364 in
243 4317 298 4363 -en
322 4296 502 4380 adaequari
532 4303 681 4380 possunt.
729 4317 803 4364 nam
834 4297 1021 4364 consideres
1044 4296 1143 4363 velim
1167 4297 1297 4363 nomina
1320 4299 1414 4364 velut

185 4404 282 4470 haec:
307 4401 545 4472 Andromachen
566 4405 760 4472 Hermionen
783 4405 967 4488 Pasiphaen
989 4404 1143 4472 Homolen
1165 4404 1367 4489 Hippolyten.

278 4635 297 4705 ¹)
317 4635 387 4690 Vide
406 4651 490 4704 supra
507 4651 533 4704 p.
546 4637 589 4692 36.
