3452 5316
750 408 955 505 ...δὲ-

285 642 396 694 ναται,
446 616 530 684 α’λλὰ
583 620 826 705 συνταραχθείς
924 614 1038 703 μοίτων
1071 619 1178 685 αἴτιον
1207 616 1397 707 ἡγούμενος,
1427 618 1461 686 τί

286 724 354 814 eim]
393 725 547 815 ιγιὲριίαι,
590 727 644 793 καὶ
683 719 753 792 οἷον
792 725 826 792 ἕν
925 725 960 791 δὲ
992 727 1147 801 διπλοῦν,
1180 724 1258 791 ίῖιαν
1290 725 1465 813 α’μαδαίνῃ

286 832 389 919 σκότῳ
417 831 636 919 προσπταίων
664 835 824 920 λοιδορεῖ·
923 857 974 909 τις
997 831 1043 921 μὴ
1066 830 1166 916 μόνον
1196 831 1312 921 οίγνοίᾳ
1334 832 1465 917 ξυνεχό-

284 965 340 1007 ται
370 938 468 1006 οὐδὲν
492 938 589 1016 εἰδως
618 945 683 1005 τοῖν
706 939 740 1006 ἐν
768 938 824 1022 με’·
923 964 1031 1024 μενος,
1056 937 1139 1005 α’λλὰ
1162 941 1216 1006 καὶ
1235 939 1314 1028 διίξγγ
1331 942 1463 1029 σοιγίας,

286 1071 333 1134 σιμ
356 1046 581 1135 προκειμένων
604 1050 724 1123 καλῶς,
755 1045 825 1112 αλλ’
924 1047 969 1124 οἷς
1003 1045 1101 1124 είδιίις
1133 1049 1300 1124 παντελῶς
1332 1050 1409 1136 περὶ
1443 1047 1464 1112 δ

286 1153 405 1243 αὐτὴν
435 1152 600 1238 α’μαδοῖς
632 1151 825 1242 οἷγνοιξοας
923 1157 1086 1242 μηδαμῶς
1108 1147 1188 1222 οἶδε.

284 1261 357 1351 τὴν
402 1258 580 1346 ἄγνοιαν
648 1259 826 1326 διπλάσιον

287 1373 375 1433 νοσεῖ
431 1366 499 1433 οὔτ’
538 1366 637 1445 αὐτὸς
688 1372 826 1455 θεωρῶν

284 1477 339 1541 καί
374 1473 415 1541 τὰ
450 1474 484 1540 ἐν
522 1474 602 1542 ποσὶ
639 1472 826 1560 διαβάλλων

284 1584 336 1649 καί
370 1581 428 1648 οὐκ
459 1581 585 1649 ἐθέλων
613 1579 651 1647 τδ
680 1579 826 1666 γιγνόμε-

287 1715 351 1764 νον,
375 1686 445 1755 ἀλλ’
464 1687 546 1776 ίίπερ
564 1685 603 1754 δν
627 1685 715 1773 αὐτῷ
736 1690 825 1772 δοκῇ,

285 1801 383 1862 τοῦτο
427 1793 527 1862 καλὸν
565 1797 617 1861 καί
665 1794 826 1884 χρήσιμον

286 1902 536 1989 ίπολαμβάνων.

330 2028 513 2094 Permultos
548 2028 726 2111 scriptores
761 2029 846 2093 hune
883 2027 1031 2093 Platonis
1067 2027 1174 2093 laeum
1209 2029 1355 2094 imitatos
1395 2049 1465 2095 esse

241 2135 480 2202 Baissonadius
504 2125 717 2216 demonstrat,
743 2155 783 2200 ex
808 2135 926 2216 quibus
951 2135 1053 2200 affero
1079 2135 1217 2217 Gregor.
1234 2136 1315 2200 Naz.

238 2261 297 2326 Or.
327 2261 368 2324 28
391 2279 422 2342 p.
449 2261 513 2325 519
526 2260 547 2342 ¹)
593 2259 707 2334 πίστις
738 2259 774 2325 δὲ
804 2256 908 2344 α’γέτω
938 2257 1039 2324 πλέον
1068 2257 1153 2347 ἡμᾶς
1189 2256 1208 2348 ἢ
1235 2257 1341 2344 λόγος,
1370 2263 1465 2350 εἴπερ

286 2364 412 2450 ἔμαθες
441 2364 479 2431 τίν
503 2363 644 2443 donante
668 2365 701 2432 ἐν
722 2372 793 2444 τοῖς
816 2364 975 2454 ἐγγυτέρω
998 2367 1053 2432 καί
1077 2365 1172 2451 λόγον
1194 2365 1293 2451 ι’·’γνως
1319 2371 1365 2452 τῷ
1386 2373 1466 2453 γνιῦ-

289 2497 339 2539 ναι
364 2469 405 2538 τὰ
430 2472 513 2560 ιῗπὲρ
538 2471 647 2555 λόγον,
681 2471 737 2539 ἵνα
759 2472 805 2562 μὴ
829 2474 997 2550 παντελῶς
1020 2471 1164 2558 ἐπίγειος
1186 2466 1225 2562 ᾖς
1248 2471 1266 2562 ἢ
1290 2475 1465 2563 περίγειος,

286 2578 432 2666 οίγνοοίν
455 2582 516 2647 καί
543 2578 637 2647 αὐτὸ
660 2585 791 2658 τοῦτο,
815 2579 883 2670 τὴν
907 2578 1077 2666 ἄγνοιαν.

238 2707 317 2788 36,ι
363 2705 427 2794 Μὴ
462 2704 506 2795 δή
536 2730 596 2782 τις
626 2707 825 2795 φιλοχρη-
881 2707 983 2789 Legg.
1010 2708 1038 2772 V
1062 2708 1126 2771 729
1151 2707 1182 2771 A
1227 2705 1294 2794 Mi}
1325 2706 1371 2796 δή
1401 2734 1466 2786 τις

284 2812 457 2896 ματείτω
481 2813 636 2878 παίδων
660 2812 779 2880 ἕνεκα.
925 2813 1269 2902 φιλοχρημονείτω
1314 2815 1466 2882 παίδων

926 2919 1047 2988 ἕνεκα.

237 3029 334 3109 41,12
366 3024 585 3110 Ἀναθέμενος
612 3021 670 3093 οὖν
699 3025 737 3094 ad
765 3025 825 3093 πίι-
881 3029 981 3110 Gorg.
1004 3029 1115 3094 ulad
1156 3025 1384 3116 ἐπιτρέψαντα
1407 3053 1465 3094 πε·

285 3141 347 3200 dev
485 3141 573 3212 ταῖς
601 3135 642 3200 δι’
670 3135 823 3219 γυναιξί
926 3136 959 3224 ρί
991 3132 1115 3200 τούτων
1144 3138 1191 3220 τῷ
1221 3139 1292 3220 θεῷ
1315 3136 1369 3202 καί
1400 3161 1465 3202 πι-

285 3239 621 3325 πειδόμενοςίίτι.
926 3241 1145 3309 στεὺσαντα
1189 3247 1285 3318 ταῖς
1330 3265 1466 3326 γυναι-

925 3351 986 3433 ξίν
1009 3347 1079 3416 δτι.

328 3476 523 3540 Accedimus
548 3495 632 3542 nune
656 3477 698 3541 ad
714 3476 946 3558 gravissimam
970 3495 1048 3541 rem.
1093 3475 1362 3558 Investigandum
1380 3476 1465 3541 enim

240 3588 291 3648 est
318 3582 395 3662 quid
420 3583 549 3647 Aeneas
581 3583 745 3649 censuerit
773 3585 814 3649 de
841 3583 970 3664 naenia,
1002 3583 1119 3663 quibus
1149 3583 1228 3648 deus
1258 3584 1466 3664 persequitur

239 3708 308 3770 aas
352 3690 406 3769 qui
437 3690 583 3771 peccatis
618 3696 675 3756 aut
718 3690 849 3755 crimini
887 3711 922 3756 se
959 3690 1122 3770 dederint,
1166 3690 1464 3772 explorandumque

240 3798 398 3876 quomado
422 3797 573 3863 doctrina
594 3799 725 3864 Aeneae
750 3817 821 3863 cum
845 3798 982 3863 Platone
1008 3805 1177 3880 congruat.
1225 3797 1356 3863 Placita
1380 3798 1464 3862 anim

239 3907 371 3969 Aeneae
394 3904 490 3970 valde
518 3905 598 3970 mini
633 3905 718 3970 inter
748 3925 783 3970 se
814 3924 961 3987 pugnare
984 3905 1147 3972 videntur.
1197 3905 1241 3971 Ut
1271 3905 1356 3970 enim
1389 3923 1465 3970 con-

240 4011 385 4076 sentiens
409 4029 482 4076 cum
504 4011 643 4078 Platane
673 4012 779 4078 eredit
802 4014 895 4077 deum
924 4011 1071 4076 hemines
1095 4012 1151 4092 qui
1175 4011 1319 4094 pereatis
1343 4030 1378 4076 se
1401 4029 1465 4075 nan

241 4119 389 4184 funditus
422 4119 585 4202 dederint,
622 4119 671 4184 ita
704 4127 740 4185 ut
771 4119 845 4184 sani
880 4118 953 4184 fieri
988 4119 1129 4200 possint,
1165 4117 1279 4199 paenis
1314 4117 1466 4182 meliores

241 4225 376 4290 reddere
408 4233 440 4291 et
471 4225 504 4290 in
533 4226 650 4310 Elysia
682 4225 886 4292 beatitudine
918 4228 1039 4292 donare
1069 4232 1228 4307 perpetua
1259 4231 1292 4290 et
1319 4231 1463 4306 aeterna,

239 4333 396 4398 scelestes
424 4339 532 4398 autem
566 4333 695 4399 omnine
720 4353 784 4399 nan
814 4335 979 4399 sanandas
1010 4333 1044 4398 in
1068 4333 1243 4397 Tartarum
1273 4331 1395 4396 inicere
1423 4332 1466 4396 ad

333 4527 351 4594 ¹)
371 4527 498 4594 Gregorii
511 4527 680 4582 Nazianzeni
699 4527 831 4596 Thenlngi
852 4545 934 4596 opera
957 4529 997 4582 ed.
1018 4543 1100 4595 opera
1119 4532 1146 4580 et
1166 4526 1258 4580 studio
1273 4525 1466 4580 Monachorum
1524 4541 1531 4551 ·

238 4617 295 4670 ord.
316 4619 340 4670 S.
357 4615 497 4671 Benedicti
517 4635 531 4670 e
550 4619 684 4686 t'angreg.
705 4623 729 4674 S.
745 4619 842 4682 Mauri,
866 4620 979 4672 Parisiis
1000 4619 1075 4672 171⁸.
