3442 5324
929 384 972 448 24

847 475 1058 484 ---—.———..

340 598 430 665 Idem
455 599 572 664 docent
594 617 709 665 versus
734 599 797 664 289
811 617 874 679 sq:

716 719 800 790 dita
823 725 928 790 τοῦτο
951 724 1007 790 καὶ
1030 720 1153 790 πόλοι
1177 721 1304 801 πόλεως

553 827 671 920 ἄνδρες
693 827 790 915 μόλις
812 828 970 920 φέροντες
993 827 1189 920 ἐρρόθουν
1213 829 1316 916 ἐμοὶ,

553 941 664 1028 κρυφῇ
686 935 771 1028 κόρα
796 937 949 1018 σείοντες,
973 935 1042 1005 ov’o'
1065 935 1130 1005 όιιί
1161 938 1247 1024 ζυγῷ

554 1042 658 1135 λόφον
681 1045 817 1123 δικαίως
840 1037 938 1127 εἶχον,
963 1043 1008 1123 ὥς
1031 1043 1179 1135 στέργειν
1202 1043 1269 1130 ἐμὲ.

431 1191 547 1272 Itaque
571 1191 613 1257 ad
627 1190 789 1256 rationem
813 1190 905 1256 illam
930 1191 1158 1273 explicandam
1175 1208 1272 1270 quam
1296 1196 1425 1258 secutus
1449 1210 1563 1274 regna-

341 1304 434 1365 turus
458 1304 558 1379 esset,
590 1297 699 1365 nullus
730 1298 799 1364 dies
827 1298 935 1380 magis
966 1297 1101 1364 idoneus
1131 1304 1203 1364 erat
1226 1315 1323 1379 quam
1346 1298 1376 1364 is
1407 1297 1478 1381 ipse
1502 1317 1562 1379 quo

341 1405 447 1472 Oreon
469 1405 600 1472 naccon
628 1411 841 1472 successerat.
889 1405 1012 1471 Tamen
1035 1404 1140 1472 Oreon
1168 1404 1251 1472 illud
1279 1406 1341 1471 hoc
1364 1407 1491 1472 demum
1514 1406 1564 1471 die

341 1513 484 1596 profert,
521 1518 557 1579 ut
596 1513 713 1596 primis
747 1512 830 1595 ipsis
862 1511 973 1579 verbis
1009 1531 1044 1579 se
1079 1530 1151 1578 eum
1185 1515 1345 1594 praebeat
1383 1514 1440 1594 qui
1480 1513 1564 1579 intra
1693 1517 1699 1604 ’ρ

342 1619 489 1686 fabulam
518 1621 553 1686 in
577 1639 686 1686 omnes
710 1619 847 1702 imperio
876 1618 982 1702 ipsius
1009 1619 1202 1686 resistentes
1231 1637 1327 1700 qnam
1356 1619 1563 1686 acerbissime

343 1727 513 1793 consulere
536 1747 601 1794 non
624 1727 670 1792 sit
693 1725 911 1793 dubitaturus

322 1888 325 1892 .
430 1834 544 1914 Neque
572 1835 606 1900 in
630 1833 778 1916 Oedipo
802 1835 907 1916 Rege
931 1824 1107 1916 Sophocles
1131 1853 1152 1900 a
1174 1833 1304 1900 ratione
1332 1833 1394 1899 illa
1417 1833 1561 1900 discedit.

341 1941 409 2009 Ubi
446 1940 586 2023 primum
622 1941 707 2007 enim
739 1940 884 2023 Oedipus
922 1941 958 2006 in
992 1959 1144 2007 scaenam
1176 1940 1314 2024 prodiit,
1354 1942 1561 2022 sacerdotem,

343 2049 456 2114 ducem
480 2048 658 2115 liberorum
682 2049 814 2115 illorum
838 2047 1031 2130 supplicum,
1057 2048 1250 2132 interrogat
1275 2049 1353 2128 quid
1377 2048 1444 2115 sibi
1464 2047 1564 2115 velint

343 2174 440 2221 sacra
462 2174 521 2238 per
537 2158 648 2222 urbem
673 2155 765 2222 iacta
788 2162 886 2236 atque
902 2162 1018 2221 cantus
1042 2163 1075 2221 et
1090 2155 1231 2238 gemitus
1253 2154 1296 2241 (v.
1312 2155 1444 2242 1-13).
1483 2155 1564 2221 Nam

342 2280 415 2328 oum
430 2263 615 2346 suspicetur
637 2265 750 2329 urbem
767 2263 877 2343 aliquo
902 2262 988 2328 malo
1013 2262 1164 2344 opprimi,
1190 2282 1233 2346 se,
1259 2269 1415 2344 quantum
1439 2263 1564 2344 quidem

343 2369 461 2452 possit,
495 2370 661 2437 voluntati
689 2370 834 2452 ipsorum
867 2371 1056 2436 obsecutum
1085 2369 1120 2435 id
1153 2389 1224 2436 esse
1256 2374 1492 2453 spectatorum,
1531 2376 1565 2434 ut
1698 2393 1699 2436 ι

344 2477 475 2545 civitati
499 2475 646 2544 afflictae
669 2496 766 2558 quam
790 2476 959 2543 celerrime
983 2478 1160 2543 medeatur.
1200 2477 1326 2560 Quibus
1349 2479 1461 2545 verbis
1485 2477 1563 2562 satis

344 2584 450 2651 elucet
472 2585 633 2668 Oedipum
663 2585 803 2666 nescire,
836 2602 899 2665 quo
927 2586 1039 2650 morbo
1072 2586 1151 2651 urbs
1180 2585 1247 2650 iam
1278 2585 1334 2651 diu
1362 2583 1484 2652 affecta
1512 2585 1562 2649 sit.

343 2691 520 2773 Postquam
545 2698 653 2759 antem
677 2693 829 2758 sacerdos
854 2691 985 2774 planius
1002 2696 1100 2772 atque
1123 2690 1230 2759 fusius
1255 2711 1455 2759 communem
1479 2691 1564 2758 cala-

344 2800 492 2866 mitatem
516 2799 706 2884 explicavit,
731 2819 790 2865 rex
812 2799 989 2881 respondet
1011 2797 1055 2884 (v.
1073 2799 1232 2887 58-60):

558 2925 585 2998 ὦ
607 2934 727 3010 παῖδες
750 2931 886 3022 οἰκτροί,
909 2929 1033 3017 γνωτὰ
1057 2930 1148 2999 κούκ
1171 2931 1321 3018 α’γνῶιά
1343 2957 1412 3019 μοι

496 3129 498 3134 Α
558 3037 803 3129 προοὴλθεθ’
826 3037 1068 3129 όμείρονιες·
1094 3032 1135 3106 εὖ
1156 3036 1229 3130 γὰρ
1252 3032 1325 3109 olo’
1348 3037 1409 3108 ότι

559 3153 712 3215 voccius
735 3145 890 3224 πάντες.

433 3285 555 3367 Regem
585 3284 688 3367 igitur
716 3284 937 3351 calamitatem
966 3285 1058 3350 illam
1090 3285 1155 3350 iam
1186 3291 1385 3367 compertam
1415 3285 1564 3352 babuisse

343 3391 555 3458 manifestum
587 3396 649 3474 est,
684 3391 877 3474 priusquam
908 3393 1062 3459 sacerdos
1093 3392 1249 3474 precandi
1284 3411 1385 3460 causa
1419 3394 1462 3459 ad
1496 3411 1565 3458 eum
1698 3373 1699 3388 ¹

344 3498 497 3566 venisset.
552 3498 697 3582 Quocum
736 3499 900 3566 consentit
937 3500 1022 3580 quod
1060 3506 1097 3565 ut
1134 3502 1246 3566 morbo
1285 3500 1338 3566 illi
1374 3501 1565 3582 mederetur,

345 3605 516 3673 Oreontem
539 3614 615 3673 ante
636 3606 818 3689 complures
842 3605 912 3673 dies
927 3606 1073 3690 Delphos
1097 3606 1197 3689 misit,
1222 3607 1315 3674 cuins
1337 3607 1478 3676 reditum
1502 3608 1565 3675 iam

345 3712 402 3779 diu
427 3718 606 3796 exspectat.

434 3820 550 3902 Itaque
585 3822 755 3902 quaerenti
790 3821 983 3902 quibusnam
1016 3821 1125 3888 causis
1156 3821 1336 3905 sophocles
1366 3823 1409 3888 ad
1443 3829 1564 3890 mutam

343 3947 453 3996 rerum
491 3929 748 4012 discrepantiam
786 3934 963 3996 commotus
1002 3930 1062 4012 sit,
1102 3937 1139 3996 ut
1173 3930 1314 4013 primum
1350 3929 1496 4014 Oedipus
1532 3949 1565 3996 se
1698 3911 1699 3914 ¹

343 4036 489 4102 nescium
507 4055 578 4103 esse
593 4037 752 4103 malorum
768 4036 908 4120 simulet,
935 4037 1050 4106 deinde
1066 4038 1120 4104 vel
1138 4037 1293 4104 remediis
1309 4056 1344 4105 se
1359 4038 1564 4120 prospexisse

344 4143 503 4227 affirmet,
542 4144 802 4227 respondendum
841 4143 905 4210 erit
943 4144 1136 4228 Sophoclem
1175 4144 1325 4226 quamvis
1364 4163 1417 4211 res
1456 4145 1562 4228 priore

344 4256 490 4334 tempore
524 4259 635 4335 gestas
666 4252 756 4334 ipsas
788 4253 968 4336 producere
999 4272 1036 4318 re
1073 4253 1227 4319 scaenica
1258 4259 1344 4320 esset
1372 4253 1563 4335 prohibitus,

345 4365 455 4426 tamen
489 4359 571 4425 nihil
599 4359 861 4442 praetermisisse
897 4359 975 4440 quin
1003 4359 1079 4424 illas
1107 4361 1204 4426 rebus
1236 4359 1378 4427 hoodie
1409 4379 1564 4444 peragen-

345 4466 397 4531 dis
420 4466 627 4533 immisceret.

435 4573 547 4655 Neque
571 4575 638 4640 alia
666 4593 719 4641 res
744 4574 851 4641 estin
878 4575 1013 4658 prologo
1038 4574 1233 4640 Electrae.
1282 4576 1462 4656 Postquam
1485 4572 1565 4640 enim
