3452 5316
731 471 774 534 33

644 563 854 570 -ψ

819 707 906 760 στος,
939 679 1009 748 a'tt’
1039 681 1070 748 εἰ
1098 679 1155 748 ιόν
1186 681 1362 772 φθόγγον

817 787 874 857 τὸν
895 788 1017 856 αὐτοῦ
1034 788 1270 879 εἰσφερόμενος
1287 814 1362 857 ουν-

817 899 908 964 τελοῖ
953 896 1002 974 εἰς
1040 897 1121 980 μίαν
1166 896 1362 986 ἁρμονίαν

818 1003 905 1093 ζωήν
928 1005 983 1070 καὶ
1007 1001 1106 1081 αὐτὸς
1130 1010 1259 1094 φωνῶν.

223 1131 352 1196 Aeneas
383 1150 424 1196 ex
455 1150 492 1196 eo
525 1133 610 1211 quod
641 1131 760 1214 anima,
792 1131 983 1213 priusquam
1014 1132 1049 1196 in
1077 1151 1195 1213 corpus
1227 1134 1360 1198 descen-

135 1240 236 1319 deret,
268 1237 398 1303 inutilis
427 1245 525 1318 atque
550 1238 658 1304 otiosa
687 1246 787 1321 esset,
821 1239 910 1319 cogit
934 1257 1005 1304 eam
1030 1257 1094 1303 una
1121 1257 1194 1303 cum
1225 1259 1361 1321 corpore

133 1352 279 1410 creatam
309 1365 389 1412 esse.
437 1347 532 1412 Hanc
563 1347 693 1426 quidem
725 1347 965 1413 conclusionem
988 1347 1141 1413 Plotinus
1172 1367 1236 1413 non
1266 1347 1359 1430 facit,

132 1472 328 1533 quamquam
358 1453 428 1534 ipse
457 1454 582 1519 fatetur
606 1454 749 1520 animam
778 1455 942 1535 tantisper
969 1474 1249 1536 supervacaneam
1277 1475 1359 1536 esse,

133 1562 209 1626 dum
235 1561 268 1624 in
293 1579 411 1642 corpus
436 1563 626 1626 descendat:

131 1687 226 1766 law
277 1683 318 1750 Εἰ
349 1681 378 1750 d‘
417 1683 488 1762 ὲνός
531 1683 624 1762 ὄντος
659 1690 718 1752 τοῦ
773 1688 819 1756 IV
844 1688 904 1770 8,a
949 1687 1004 1752 καὶ
1039 1687 1177 1770 δείξασα
1212 1685 1290 1776 ἔργα
1325 1714 1360 1754 τε

175 1789 362 1880 ανθρώπου
405 1789 463 1880 τήν
508 1791 569 1876 μὲν
610 1792 718 1882 ψυχήν
817 1795 872 1859 καὶ
895 1791 1062 1881 ποιήσεις,
1092 1791 1113 1858 ἃ
1141 1793 1175 1860 ἐν
1198 1799 1245 1880 τῷ
1272 1791 1359 1861 οἰοιο-

175 1896 417 1988 προϋπάρχειν,
441 1901 552 1985 nollo
576 1897 605 1966 δ’
625 1897 718 1966 {loca-
817 1899 911 1986 μάτῳ
934 1899 1117 1989 ἠρεμοῦντα
1137 1899 1246 1988 μάτην
1261 1928 1297 1968 ιε
1320 1899 1360 1968 ἂν

176 2031 236 2094 ρον
263 2005 301 2072 τὸ
331 2009 425 2090 σῶμα
454 2006 718 2090 συμπεπλάαθαι
819 1999 858 2094 ήν
888 2006 936 2083 εἰς
969 2006 1007 2072 τὸ
1041 2007 1184 2096 ἐνεργεῖν
1214 2007 1266 2076 αἐὶ
1302 2009 1360 2077 οὐκ

176 2113 343 2202 φήσομεν,
372 2111 454 2204 α’ργή
477 2140 529 2192 τις
557 2106 610 2202 ήν,
639 2116 719 2205 πρὶν
820 2113 912 2180 ἰόντα
946 2112 1004 2202 τήν
1038 2141 1074 2181 τε
1111 2114 1220 2204 ψυχήν
1256 2116 1359 2205 αὐτήν

174 2225 359 2310 καταβῆναι
389 2221 443 2287 καὶ
474 2220 612 2311 περιττή
643 2220 718 2309 χρό-
818 2219 939 2289 ἔλαθεν
970 2218 1010 2286 ἂν
1041 2220 1062 2287 ἃ
1093 2216 1178 2304 εἶχεν
1209 2222 1267 2290 οὐκ
1299 2225 1358 2290 ε’κ-

178 2353 233 2394 νον
271 2332 429 2394 τοσοῦτον
464 2327 483 2415 ή
523 2327 624 2418 ψυχή,
663 2331 718 2396 καὶ
818 2327 964 2418 φανέντα
999 2327 1076 2395 οὐδὲ
1111 2328 1257 2419 πρόοδον
1290 2334 1356 2399 λα-

176 2433 238 2502 οιῖκ
263 2433 415 2519 ε”δειξεν
446 2435 621 2524 ἐνεργείᾳ
650 2435 718 2525 τήν
817 2434 935 2522 βόνια,
990 2439 1084 2526 ε’ίπερ
1128 2443 1297 2520 πανταχοῦ
1339 2439 1358 2528 ή

175 2539 346 2626 δύναμιν
393 2541 462 2610 οὐδ’
505 2541 585 2628 ε’ήνιο
636 2542 718 2631 ὅπερ
819 2542 1011 2630 ἐνέργεια
1056 2542 1128 2631 τήν
1174 2543 1357 2630 δύναμιν

174 2644 255 2731 εἶχε.
818 2648 966 2735 ε’ἰίέιξε.
992 2705 1026 2719 ..
1045 2705 1052 2719 .

221 2777 322 2843 Brevi
346 2783 422 2858 post
437 2777 566 2842 Aeneas
584 2779 786 2844 demonstrat
809 2779 874 2843 iam
896 2797 1022 2844 omnem
1047 2785 1150 2844 artem
1176 2786 1208 2844 et
1231 2800 1356 2846 omnem

128 2885 304 2950 scientiam
328 2885 443 2949 dooere
467 2885 611 2949 animam
636 2885 851 2950 immortalem
873 2905 944 2950 esse
968 2885 1080 2966 itaque
1097 2886 1164 2952 vim
1188 2886 1222 2951 in
1247 2887 1355 2952 anima

128 2986 291 3058 latentem
316 3011 356 3056 ex
372 2992 535 3058 varietate
560 3011 680 3073 eorum,
705 3011 789 3072 quae
813 2993 916 3057 oculis
941 2993 1071 3058 obiecta
1091 2992 1167 3074 sint,
1193 2995 1356 3076 cognosci.

132 3100 281 3164 Eandem
297 3099 494 3164 sententiam
510 3099 704 3181 pronuntiat
720 3100 883 3182 Plotinus,
907 3119 979 3165 cum
998 3103 1198 3167 demonstret
1213 3101 1356 3166 animam

130 3207 197 3272 vim
223 3205 287 3271 sibi
312 3206 440 3271 illatam
464 3225 529 3270 non
552 3225 648 3288 posse
673 3208 853 3288 ostendere,
878 3207 943 3272 nisi
969 3227 1087 3289 corpus
1110 3207 1271 3274 induerit:

129 3352 225 3432 45,ιι
258 3349 312 3415 καὶ
337 3345 569 3432 θαυμάσαις
596 3344 636 3414 ἂν
659 3346 717 3436 τήν
771 3350 818 3416 IV
843 3351 899 3432 8,a
943 3353 1000 3416 νῦν
1034 3349 1095 3433 μὲν
1124 3348 1186 3440 γὰρ
1220 3356 1356 3436 θαῦμα

174 3454 287 3522 ε”νδον
332 3459 390 3544 τῆς
428 3459 538 3544 ψυχῆς
577 3455 717 3540 δύναμιν
816 3453 896 3537 ε”χει
918 3461 984 3522 τῶν
1007 3455 1118 3523 ἔνδον
1142 3456 1277 3534 ἕκαστος
1300 3457 1356 3525 διὰ

174 3559 243 3628 ἀπὸ
289 3567 355 3651 τῆς
397 3563 601 3640 ποικιλίας
643 3567 717 3629 τῶν
815 3568 882 3651 τῆς
920 3564 1124 3640 ποικιλίας
1158 3569 1231 3630 τῶν
1269 3563 1356 3650 ἔξω,

174 3668 247 3755 ἔξω
270 3667 484 3754 καταμαθών.
816 3663 870 3737 οἷά
894 3669 983 3739 εἀνιν
1004 3672 1038 3737 ἐκ
1058 3677 1118 3738 τοῦ
1140 3671 1181 3738 τὰ
1202 3671 1356 3763 γλαφυρὰ

814 3783 919 3845 ταῦτα
943 3781 1075 3868 δρᾶσαι.

128 3889 182 3970 47,
199 3916 224 3957 ιι
258 3886 362 3953 solum
386 3887 571 3954 sententiae
595 3887 688 3968 ipsae
712 3887 837 3953 similes
861 3893 946 3970 sunt,
972 3908 1044 3953 cum
1068 3908 1196 3967 causae,
1222 3894 1357 3970 propter

174 4013 257 4075 quas
281 3994 411 4061 Aeneas
435 4001 468 4060 et
489 3995 642 4061 Plotinus
666 4014 723 4060 eas
746 3995 929 4077 proferunt,
955 3995 1043 4061 aliae
1068 3996 1149 4062 sint:

128 4122 183 4204 47,
202 4151 229 4189 ιε
273 4119 328 4185 καὶ
362 4116 426 4209 μὴν
461 4123 582 4208 νοερῶν
617 4118 715 4186 δυνά·
770 4120 804 4184 Π
828 4122 884 4204 9‚a
916 4123 960 4208 γῆ
987 4119 1048 4203 μὲν
1077 4118 1117 4208 δή
1141 4123 1233 4186 πᾶσα
1264 4118 1356 4204 ζῴοιν

175 4251 263 4310 μεων
301 4223 455 4310 μεστὸς
492 4225 553 4310 μὲν
588 4222 664 4302 ὅλος
698 4224 715 4292 ὁ
813 4227 973 4294 ποικίλων
1003 4224 1154 4316 πλήρης
1182 4228 1237 4293 καὶ
1268 4224 1356 4293 doa-

176 4331 359 4424 ον’ρανός,
374 4333 495 4418 μεστὸς
511 4331 715 4422 δὲὸαἰέίήρ,
814 4332 921 4401 νάιων
955 4336 1011 4400 καὶ
1040 4333 1156 4423 με’χρις
1185 4332 1357 4421 οὐρανοῦ

175 4439 317 4526 ἀγγέλων
367 4466 403 4508 τε
447 4442 503 4508 καὶ
549 4439 716 4525 δαιμόνιον
814 4439 937 4526 μεστὰ
961 4439 1080 4509 πάντα.

175 4547 303 4639 πλήρης
330 4547 391 4632 μὲν
419 4546 436 4614 ὀ
461 4547 535 4637 ἀήρ,
565 4546 716 4636 πλήρης

175 4656 212 4722 de*
235 4657 289 4723 καὶ
321 4655 407 4746 ήγή
429 4657 484 4722 καὶ
509 4655 526 4745 r:
552 4655 714 4723 θάλαιια.

184 4798 343 4850 Sikor-stul,
366 4799 399 4840 De
413 4799 495 4840 Aenea
510 4797 608 4840 stazano
