3452 5316
763 432 805 496 35

170 663 283 710 norum
318 651 416 724 atque
452 645 606 726 operibus
638 645 802 726 Gregorii.
854 645 939 710 Nem
974 651 1010 710 ut
1044 664 1117 709 non
1149 645 1303 710 veritus
1339 651 1399 711 est

170 751 394 817 sententias
429 751 588 818 illorum
624 754 670 818 ad
705 756 862 820 verbum
897 771 1020 834 paene
1055 751 1298 834 describere,
1337 753 1398 818 ita

169 865 293 924 mutat
328 878 480 941 semper
510 863 632 925 verba
663 859 865 943 Gregorii,
904 867 944 926 ut
978 877 1116 924 sensus
1152 859 1274 924 solum
1308 879 1398 925 con-

168 972 299 1048 gruat,
331 969 434 1032 verba
464 973 592 1032 autern
623 967 738 1050 longe
769 967 978 1032 differant.
1026 967 1104 1032 Gum
1134 973 1242 1032 autem
1271 966 1397 1033 similia

167 1079 334 1138 mutuatus
357 1073 403 1138 sit
426 1079 459 1138 et
482 1072 648 1154 edialogo
673 1075 712 1138 de
736 1073 847 1138 anima
871 1082 904 1139 et
928 1093 945 1138 e
969 1073 1241 1138 commentatione
1261 1075 1300 1140 de
1324 1073 1396 1155 opi-

166 1181 242 1246 ficio
276 1180 426 1261 hominis,
460 1181 560 1246 liceat
594 1181 674 1245 mihi
707 1181 805 1246 simul
836 1199 1028 1262 comperero
1061 1180 1192 1245 Aeneae
1229 1180 1396 1262 dialogum

166 1307 238 1353 cum
273 1287 436 1370 Gregorio
471 1288 506 1352 in
541 1288 704 1354 laudando
739 1288 845 1353 libero
876 1287 1041 1352 hominum
1074 1286 1224 1353 arbitrio.
1279 1288 1395 1368 ltaque

165 1395 332 1476 reperitur
368 1394 401 1458 in
433 1401 570 1474 utroque
601 1395 765 1461 sententia
800 1395 956 1460 virtutem
987 1414 1046 1476 pro
1080 1394 1184 1460 nihilo
1217 1396 1395 1476 putandam

165 1522 249 1584 esse,
274 1501 340 1567 nisi
365 1505 405 1567 ab
432 1501 519 1567 omni
543 1502 588 1566 sit
612 1502 781 1568 coactione
805 1509 838 1568 et
861 1503 1058 1568 necessitate
1083 1502 1204 1568 libera:

165 1630 264 1710 221⁵
321 1624 405 1692 οἷλλὰ
443 1630 508 1692 τιῦν
546 1625 607 1710 μὲν
645 1623 753 1692 ἄλλων
808 1627 1006 1709 deopif.87
1031 1624 1254 1693 ἀδέσποτον
1277 1623 1339 1711 γάρ
1362 1653 1395 1692 τι

210 1731 392 1821 ἐπικρατεῖ,
421 1731 520 1823 α’ρετὴ
545 1733 582 1800 δὲ
610 1731 752 1799 α’δὲσπο-
852 1731 998 1822 χρῆμαὴ
1020 1731 1139 1823 α’ρετῆ
1163 1733 1218 1798 καὶ
1235 1731 1394 1812 ἑκούσιον,

210 1865 352 1909 τον
390 1844 482 1924 22,ειι
514 1841 569 1907 καὶ
593 1839 645 1917 τίς
668 1839 751 1928 αὕτη
852 1838 889 1906 τὸ
924 1840 961 1906 δὲ
999 1838 1305 1927 κατηναγκασμένον
1339 1842 1393 1906 καὶ

210 1947 337 2032 γένοιτο
371 1944 411 2014 ἂν
448 1945 547 2036 α’ρετλγ
583 1946 752 2015 δουλεύειν
851 1945 1070 2033 βεβιασμένον
1102 1945 1203 2036 αἱρετὴ
1234 1941 1320 2014 εἶναι
1356 1944 1395 2014 οὐ

210 2052 437 2143 ἠναγκασμένη
465 2059 574 2144 ψυχῆς
853 2053 1003 2121 δύναται.

164 2164 264 2244 22,ιι
317 2163 356 2228 Τι’
394 2160 456 2249 γὰρ
496 2161 754 2251 ἐλευθερίας
808 2164 848 2228 de
879 2162 976 2228 anim.
1003 2163 1117 2228 228ss
1159 2159 1203 2227 ‘H
1229 2159 1259 2228 δ’
1289 2161 1393 2228 ἐλευ-

213 2267 422 2359 σεμνδτερον,
459 2267 478 2358 ἢ
510 2271 753 2360 παραλαβοῦσα
852 2268 973 2356 deuio
1004 2268 1094 2335 ἐστὶν
1125 2268 1144 2357 ἡ
1175 2268 1261 2358 πρὸς
1289 2267 1328 2335 τὸ
1355 2268 1393 2335 α’-

210 2375 268 2442 τὸν
296 2373 477 2466 ἄνθρωπον
502 2375 582 2444 θεὸν
610 2374 667 2442 τὸν
696 2374 751 2442 ἄν·
852 2374 1014 2442 δὲσσοτόν
1045 2402 1081 2442 τε
1109 2378 1164 2442 καὶ
1194 2373 1393 2466 αὐτοκρατὲς

211 2491 352 2572 δριυαον
375 2481 605 2571 ἀπεργάζεται.
852 2481 1020 2566 ὁμοίωσις.

806 2591 856 2658 Gf.
880 2599 962 2658 orat.
981 2593 1019 2657 de
1040 2592 1178 2658 mortuis
1202 2593 1390 2659 11163413.

254 2728 294 2792 In
317 2727 487 2807 utriusque
511 2726 683 2808 scriptoris
708 2727 862 2808 operibus
879 2732 987 2792 exstat
1010 2726 1177 2792 sententia
1200 2726 1252 2792 dei
1276 2726 1392 2794 volun-

162 2841 268 2900 tatem
292 2835 430 2900 evadere
455 2834 567 2900 statim
591 2834 626 2899 in
650 2839 801 2899 naturam
826 2833 997 2914 redigique
1021 2834 1062 2898 ad
1088 2833 1278 2898 essentiam:

163 2963 218 3042 41,
236 2989 264 3029 15
311 2955 411 3034 αὐτὸς
434 2955 496 3045 γὰρ
521 2957 538 3022 ὁ
561 2955 618 3024 τὸν
641 2955 750 3043 δγιῦνα
805 2960 845 3024 de
874 2959 971 3023 anim.
1000 2958 1117 3023 239D
1164 2955 1182 3045 ἡ
1216 2956 1300 3046 ὁρμὴ
1333 2963 1391 3047 τῆς

208 3067 320 3142 τιθεὶς
357 3064 574 3142 εἰσκαλεῖται,
619 3067 673 3132 καὶ
713 3064 750 3130 τὸ
850 3064 949 3140 θείας
1006 3062 1250 3154 ααραιρέσεως,
1312 3064 1391 3132 ὅταν

207 3171 357 3262 κήρυγμα
380 3173 486 3261 φύσις
508 3172 660 3257 γίγνεται.
851 3171 962 3259 ἐθέλῃ,
995 3175 1131 3260 πρᾶγμα
1160 3171 1302 3256 γίγνεται
1335 3174 1390 3239 καὶ

847 3276 1019 3346 ου”σιουται
1046 3281 1084 3344 τὸ
1107 3277 1259 3366 βούλημα
1287 3277 1391 3356 εὐθὺς

848 3384 951 3475 φύσις
973 3384 1154 3471 γινόμενον.

253 3522 348 3588 Ναοσ
364 3522 598 3605 aggrediamur
614 3523 745 3588 Aeneae
762 3524 801 3587 de
816 3522 1057 3588 resurrectione
1073 3522 1390 3604 argumentationem

161 3649 235 3696 cum
261 3628 423 3712 Gregorio
453 3631 714 3711 comparandam.
763 3630 826 3713 Qui
851 3630 1011 3695 accedunt
1040 3630 1082 3694 ad
1110 3649 1177 3694 rem
1206 3630 1390 3696 refutantes

161 3736 350 3820 opinionem
382 3755 600 3818 paganorum,
640 3736 697 3816 qui
730 3736 1003 3802 resurrectionem
1038 3737 1315 3819 impugnaverunt
1349 3740 1388 3802 ob

162 3863 234 3911 eam
263 3863 410 3927 causam,
443 3846 528 3924 quod
556 3863 695 3926 corpora
718 3844 988 3927 dispergerentur
1019 3851 1051 3909 et
1079 3843 1286 3926 diffluerent;
1319 3845 1389 3910 inre

162 3950 249 4016 enim
281 3955 416 4030 uterque
447 3951 546 4016 affert
577 3970 715 4032 corpora
739 3951 869 4030 quidem
900 3950 934 4016 in
963 3950 1123 4016 elementa
1152 3970 1212 4015 sua
1241 3951 1388 4032 dissolvi,

162 4056 333 4122 elementis
363 4064 472 4123 autem
503 4059 706 4124 conservatis
737 4058 810 4123 fieri
834 4077 931 4140 posse
962 4064 1006 4140 ut,
1042 4057 1071 4124 si
1101 4059 1180 4123 deus
1208 4057 1388 4139 vocaverit,

162 4165 273 4229 omnia
297 4163 332 4229 in
355 4165 526 4246 antiquum
549 4171 671 4231 statum
695 4165 922 4231 restituantur.

162 4291 215 4373 61,
233 4321 258 4359 ιι
312 4287 356 4356 To
379 4288 489 4378 γήϊνον
513 4288 634 4375 λέγειςς
665 4289 747 4376 μέγα
802 4293 842 4358 de
875 4291 955 4374 opif.
989 4291 1051 4355 115
1097 4285 1292 4355 Δεικνύουσι
1327 4285 1388 4378 γὰρ

207 4401 335 4481 θαῦμα.
375 4398 430 4463 καὶ
462 4395 527 4486 μὴν
557 4395 748 4464 διαλέλυται
847 4402 912 4464 τῶν
940 4395 1087 4486 οἷρχαιίον
1116 4399 1237 4484 νεκρῶν
1267 4394 1324 4462 τὸν
1352 4395 1388 4462 οἷ-

206 4505 263 4570 καὶ
286 4503 515 4571 διεσκέδασται
544 4505 598 4571 καὶ
627 4502 664 4570 τὸ
688 4505 748 4589 μὲν
848 4502 1016 4594 φανισμδν
1043 4504 1096 4569 καὶ
1122 4501 1171 4569 ἔτι
1202 4501 1286 4594 πρὸς
1314 4501 1388 4570 τού-

208 4609 274 4677 δῐτὸ
294 4615 359 4676 τῶν
377 4610 505 4693 ι’χθὺιυν
526 4611 747 4696 διαιὲμνειαι,
847 4639 918 4688 τοις
944 4609 981 4677 ιὰ
999 4610 1186 4699 σαρκοβόρα
1213 4614 1274 4676 nir
1298 4610 1389 4694 ζῴοιν

1227 4739 1260 4788 3*
