3462 5312
345 635 390 702 lV
408 635 472 699 006
497 643 530 700 et
554 637 617 700 770
641 636 775 720 Iadynm
799 635 993 717 invenimus,
1023 637 1080 700 scd
1105 635 1150 701 IV
1168 635 1231 698 661
1256 634 1387 716 Libyen,
1413 653 1475 713 quo
1499 633 1570 698 loco

345 741 474 808 Graeca
504 742 610 808 forma
633 742 1001 824 vocalicomprobatur
1029 741 1187 822 sequenti.
1235 739 1362 805 Lucani
1387 759 1513 820 quoque
1541 747 1572 804 ct

343 847 405 914 Sili
434 849 545 913 italici
576 849 672 914 huius
703 849 844 915 nominis
875 868 952 914 osus
983 848 1079 914 valde
1110 848 1255 912 incertus
1287 853 1345 912 est.
1394 846 1455 911 Ille
1487 847 1570 911 enim

343 954 451 1020 sexies
485 956 645 1022 Graecam
684 963 716 1021 et
751 957 849 1022 toties
877 956 1047 1036 Latinam,
1088 955 1142 1021 hic
1170 961 1221 1019 ter
1250 955 1412 1021 Graecam
1444 962 1477 1019 et
1508 962 1570 1019 ter-

344 1061 452 1128 decies
476 1062 631 1128 Latinam
657 1064 794 1130 sormam
820 1063 979 1129 adhibuit.
1027 1063 1134 1129 Semel
1159 1069 1285 1128 tantum
1310 1061 1448 1127 metrica
1472 1081 1570 1127 causa

344 1172 471 1235 subest:
499 1171 578 1234 Luc.
596 1171 647 1235 IX
662 1171 737 1236 415.
785 1170 961 1236 Nonnullis
989 1177 1098 1236 autem
1120 1169 1204 1235 locis
1229 1170 1358 1236 Graeca
1381 1169 1570 1234 terminatio

345 1276 513 1357 postulata
542 1277 672 1342 videtur
702 1277 810 1344 causis
839 1277 1036 1360 euphoniae,
1068 1277 1146 1357 qnia
1178 1277 1309 1362 syllaba
1332 1277 1475 1342 Latinae
1507 1285 1570 1342 ter-

345 1382 518 1447 minationi
542 1383 661 1450 similis
686 1403 786 1466 prope
811 1391 861 1450 est
884 1384 1008 1466 posita:

367 1508 447 1573 Luc.
465 1508 515 1573 IX
532 1510 610 1574 351:
637 1509 810 1575 Taenarum
819 1511 969 1592 priuatam
983 1509 1110 1594 Libyen
1123 1547 1163 1556 -
1176 1531 1259 1576 nam
1273 1511 1419 1592 proximu
1433 1511 1518 1576 caelo
1529 1517 1571 1575 est

532 1618 611 1683 386:
638 1617 701 1683 Per
724 1619 871 1682 mediam
894 1618 1024 1702 ledaea
1054 1619 1179 1683 vernant
1203 1625 1294 1699 alqrre
1317 1619 1404 1684 inm'a
1428 1623 1570 1699 terrentem

532 1725 611 1789 523:
638 1725 712 1790 Sola
737 1727 841 1791 virens
864 1725 1006 1808 Libyen.
1048 1725 1143 1789 Nam
1167 1726 1321 1808 quidquid
1337 1727 1468 1807 pulvere
1491 1725 1570 1790 sicco

367 1830 803 1900 Sil.1t.1.623:·Exanan
824 1840 920 1914 pondo
942 1832 1075 1915 Libyen
1099 1833 1245 1898 testardie
1269 1838 1372 1897 rostra

461 1939 514 2003 ΠΙ
531 1940 609 2003 324:
634 1939 764 2006 Invento
783 1941 934 2022 pmcneam
957 1940 1088 2022 Libyen
1110 1939 1254 2022 perfudit
1278 1940 1367 2004 olivo.

433 2063 566 2130 Nullam
591 2070 699 2130 autem
723 2084 856 2130 causam
881 2065 1029 2132 invenire
1054 2084 1184 2148 possum
1209 2065 1243 2130 in
1267 2066 1417 2132 versibus
1442 2064 1510 2131 his:

368 2190 446 2255 Luc.
487 2191 503 2255 Ι
527 2191 606 2254 687:
633 2191 840 2272 Ardentemque
854 2191 951 2273 ferar
972 2190 1103 2273 Libyen,
1128 2212 1189 2272 quic
1211 2191 1312 2257 tristis
1335 2191 1429 2273 Enyo

454 2297 504 2362 IX
528 2297 607 2362 69οῑ
632 2297 723 2380 Itane
746 2319 840 2380 saper
860 2298 990 2381 Libyen,
1015 2319 1095 2380 arurae
1117 2299 1205 2363 neella
1229 2299 1455 2364 consituendo

345 2403 451 2471 Silla
466 2405 608 2470 111682:
632 2404 675 2468 ln
697 2405 819 2488 Libyen
842 2406 941 2471 nimis
964 2407 1104 2471 tranavit
1128 2405 1267 2472 concolor
1289 2405 1360 2472 alie.

434 2529 498 2596 Sed
536 2529 691 2596 Latinam
730 2549 857 2610 quoque
900 2530 1165 2596 terminationem
1210 2549 1440 2610 nonnunquam
1480 2549 1570 2596 suam

345 2656 478 2702 causam
503 2637 623 2702 habere
647 2655 762 2702 versus
787 2638 1021 2718 demonstrant,
1046 2637 1103 2717 qui
1126 2645 1315 2719 sequuntur,
1340 2637 1467 2703 Lucani

457 2755 504 2821 VI
528 2755 607 2820 817:
632 2754 808 2838 Europam,
833 2755 949 2833 incisori,
975 2754 1165 2838 la'byamque
1187 2752 1358 2837 Asiamque
1380 2755 1490 2835 timete,

345 2881 407 2942 quo
431 2861 503 2928 loco
528 2868 625 2944 poeta
649 2870 839 2927 concentum
864 2862 1023 2941 quendam
1049 2861 1163 2941 elficit,
1189 2867 1222 2927 et

440 2968 506 3036 VH
531 2970 609 3032 ill:
635 2969 812 3053 Aeayptnm
836 2969 1036 3050 inbueretque,
1062 2975 1089 3034 et
1111 2974 1213 3034 terras
1236 2968 1311 3052 eliae
1333 2970 1436 3050 aleardi,

344 3085 379 3150 in
408 3104 470 3165 quo
502 3104 600 3150 versu
622 3085 743 3168 ldbyae
766 3085 889 3150 Latina
916 3084 1105 3150 terminatio
1136 3085 1317 3165 exemplum
1347 3084 1571 3150 antecedentis

346 3193 481 3276 Aeaypti
504 3193 660 3272 sequitur.

437 3300 657 3366 Andromedae
693 3299 835 3366 nominis
870 3299 1079 3365 accusativus
1111 3305 1168 3364 ant
1198 3299 1339 3364 Latinus
1370 3305 1420 3365 est
1450 3299 1571 3365 Andro-

344 3408 481 3488 medam,
512 3414 569 3472 aut
593 3408 740 3474 Graecus
769 3408 827 3472 sed
850 3406 1019 3472 contraria
1044 3406 1151 3472 forma
1175 3405 1377 3472 nominativo
1403 3407 1572 3489 oppositus

346 3515 580 3595 Andromedan,
606 3533 688 3594 quae
713 3515 819 3580 forma
843 3533 915 3579 cum
933 3515 1134 3580 Graecorum
1158 3513 1474 3579 communicatione
1498 3534 1571 3580 con-

344 3620 445 3687 venit.
492 3621 649 3703 Legimus
684 3621 769 3686 hunc
803 3622 1028 3688 accusativum
1064 3621 1098 3686 in
1133 3621 1300 3687 Martialis
1335 3641 1433 3688 versu
1469 3622 1570 3704 epigr.

394 3736 527 3804 XXVII
553 3737 610 3802 10:
636 3736 794 3804 Hesioroen
817 3739 912 3804 aoloel
934 3739 1022 3804 solues
1044 3745 1072 3804 et
1096 3738 1330 3818 Aredromedoa,

345 3873 408 3934 quo
438 3853 511 3919 loco
535 3856 767 3935 comprobatur
791 3855 920 3921 Graeca
952 3853 1059 3920 forma
1083 3855 1251 3940 Hesionen,
1284 3873 1366 3934 quae
1394 3855 1570 3936 praecedit.

345 3961 523 4026 Praeterea
552 3966 661 4026 exstat
685 3961 771 4042 apud
795 3961 967 4027 Manilium
992 3962 1116 4042 Volo,
1148 3980 1212 4041 quo
1236 3962 1270 4026 in
1297 3980 1395 4028 versu
1419 3963 1522 4027 codex
1546 3962 1572 4026 L

345 4069 484 4150 praebet
514 4069 748 4150 andromedam,
779 4087 862 4148 quae
894 4070 1001 4134 forma
1024 4076 1115 4134 certa
1139 4076 1189 4134 est
1212 4074 1367 4149 quattuor
1390 4068 1469 4134 aliis
1493 4069 1572 4135 locis

345 4175 490 4240 ciusdem
514 4181 644 4256 poetae:
680 4177 697 4240 l
722 4176 796 4258 350,
821 4177 895 4257 356,
921 4177 949 4242 V
975 4177 1026 4258 23,
1044 4177 1108 4241 658
1139 4175 1230 4241 etin
1255 4175 1443 4243 Germanici
1469 4177 1572 4242 Phae

346 4283 493 4348 nomenis
523 4283 596 4360 200,
620 4285 694 4348 357.

435 4390 558 4456 Lenem
578 4391 718 4456 nominis
742 4390 988 4473 nominativum,
1014 4391 1070 4471 qui
1086 4409 1214 4473 semper
1229 4391 1370 4456 Latinus
1394 4396 1446 4456 est
1460 4389 1570 4471 Iamo,

346 4497 556 4563 accusativus
579 4517 706 4578 quoque
737 4504 868 4564 secutus
897 4505 960 4580 est,
992 4517 1086 4579 quem
1111 4498 1237 4565 Statius
1261 4497 1395 4565 banaia
1418 4496 1513 4564 flexit
1538 4497 1571 4562 in

347 4603 526 4671 Thebaidis
550 4605 701 4672 versibus
725 4606 759 4670 Il
783 4607 858 4687 433,
884 4605 917 4670 Χ
940 4606 1015 4686 890,
1040 4605 1109 4671 XII
1137 4607 1209 4672 160.
1256 4606 1379 4670 Forma
1402 4605 1531 4672 mean
1551 4629 1572 4670 a
