3442 5324
743 417 783 480 13

145 651 205 714 pro
234 638 324 698 certo
358 633 462 698 habeo
491 631 574 697 illud
602 633 643 696 ab
672 631 836 715 Aeschylo
868 649 938 697 esse
967 629 1149 696 adhibitum
1160 629 1194 716 ι).
1240 631 1374 697 Etenim

145 739 212 806 nisi
238 739 324 805 forte
347 741 449 806 rerba
472 737 732 822 Clytaemestrae
755 759 786 805 v.
806 739 891 804 1379

195 851 338 942 ἕστηκα
362 851 391 920 δ’
406 850 486 920 ἔνθ’
502 850 631 920 ἒ’παισ’
647 850 699 920 ἐπ’
714 851 979 943 ἐξειργασμένοις
995 851 1051 940 (cf.
1069 875 1099 921 v.
1121 854 1328 941 14911570)

143 971 362 1054 neglegimus,
393 971 525 1037 dubium
550 989 708 1039 essenon
732 977 841 1054 potest
869 971 948 1053 quin
978 970 1039 1036 1111
1062 990 1099 1036 eo
1124 970 1281 1053 temporis
1305 989 1373 1038 mo-

142 1085 253 1145 mento
292 1079 419 1162 regiam
458 1084 584 1160 teneat,
625 1079 681 1144 ubi
722 1079 851 1146 facinus
890 1077 1062 1144 commisit.
1127 1079 1235 1158 Atque
1274 1079 1373 1145 etiam

143 1185 326 1269 Aegisthus
357 1205 509 1252 reversus
542 1205 577 1252 se
610 1205 750 1268 corpora
786 1186 846 1252 illa
882 1186 918 1252 in
952 1185 1046 1268 regia
1078 1185 1152 1268 ipsa
1184 1186 1373 1268 conspicere

142 1293 280 1359 simulat
303 1291 346 1378 (v.
366 1292 533 1378 117111).

235 1401 276 1467 In
291 1400 533 1484 Ohoephoris
557 1420 635 1467 vero
658 1400 773 1467 fabula
789 1421 807 1467 e
823 1401 940 1484 primis
956 1400 1039 1482 ipsis
1055 1400 1207 1468 versibus
1224 1400 1371 1467 Orestem

142 1507 253 1590 patris
283 1507 468 1589 sepulcrum
497 1508 657 1591 petivisse
688 1508 914 1591 cognoscimus
945 1508 988 1594 (v.
1006 1506 1116 1593 4-5).
1163 1509 1276 1589 Neque
1305 1508 1375 1575 ulla

142 1634 237 1680 mora
260 1615 458 1698 interposita
481 1615 598 1682 chorus
622 1615 788 1698 virginum
812 1616 1070 1699 appropinquat,
1100 1615 1188 1681 inter
1210 1635 1292 1696 quas
1316 1615 1374 1683 ille

142 1741 178 1788 se
204 1741 350 1789 sororem
379 1741 575 1806 cognoscere
599 1724 787 1805 suspicatur
815 1729 857 1806 (v.
878 1721 1031 1808 16-11).
1079 1723 1187 1804 Atque
1210 1725 1294 1790 unde
1318 1743 1373 1790 ve-

140 1830 255 1896 nerint
278 1835 312 1896 et
334 1849 417 1911 quae
442 1832 518 1913 sint,
544 1831 637 1914 ipsae
661 1832 778 1897 docent
799 1831 852 1898 his
876 1828 1023 1916 1111111)
1047 1829 1091 1916 (v.
1110 1830 1269 1917 22-23):

413 1944 548 2024 ἰαλτὸς
571 1945 610 2014 ἐκ
634 1944 763 2031 δόμων
786 1944 879 2034 ἔβαν

413 2051 495 2134 χοὰς
517 2051 720 2144 προπομπὸς
743 2051 889 2144 (’ξὺχειρι
914 2051 973 2121 σὺν
998 2050 1100 2140 κόπῳ.

236 2169 340 2254 Quam
356 2170 482 2253 regiam
499 2178 567 2238 tam
583 2191 719 2255 propea
735 2169 885 2254 sepulcro
902 2175 1027 2255 abesse,
1044 2178 1081 2237 ut
1090 2171 1224 2238 Orestes
1241 2173 1373 2238 chorum

143 2278 241 2343 domo
257 2277 332 2359 ipsa
347 2280 559 2360 prodeuntem
575 2278 697 2361 videat,
719 2279 798 2346 aliis
813 2279 896 2346 locis
912 2279 1156 2362 praetermissis
1172 2278 1372 2365 (1.45-46,

142 2384 291 2469 88—89)
316 2404 356 2450 ex
379 2385 431 2451 his
454 2385 564 2452 causis
588 2385 806 2469 colligendum
830 2406 902 2454 esse
925 2393 1013 2469 puto.

235 2491 470 2572 Praeterquam
482 2494 568 2572 quod
579 2493 674 2577 regia
686 2493 879 2576 saepissime
891 2502 1162 2561 commemoratur
1172 2493 1215 2578 (v.
1225 2495 1372 2580 342-44,

142 2598 332 2685 376-78),
364 2598 604 2684 Clytaemestra
635 2600 709 2683 ipsa
741 2601 930 2683 appellatur
960 2601 1007 2688 (v.
1025 2601 1207 2687 429-30).
1262 2601 1373 2683 Neque

142 2706 211 2772 nisi
241 2706 336 2789 regia
366 2706 441 2789 ipsa
470 2707 648 2790 conspicua
679 2714 778 2790 esset,
813 2708 963 2791 intellegi
996 2715 1107 2790 posset
1137 2709 1287 2776 Orestem
1316 2709 1373 2775 ubi

142 2813 286 2896 primum
309 2813 479 2880 Electram
502 2815 629 2897 regiam
652 2815 777 2882 intrare
801 2815 924 2898 iubeat,
949 2816 1019 2883 solo
1043 2817 1144 2883 verbo
1176 2816 1374 2897 ,,στείχειν

143 2918 246 2988 ε”σω“
271 2921 320 2987 uti
345 2920 388 3008 (v.
406 2921 499 3007 554);

411 3036 527 3127 τήνδε
548 3037 619 3123 μὲν
643 3039 814 3120 στείχειν
838 3036 961 3127 doust).

235 3154 326 3239 Quae
349 3155 514 3221 sententia
536 3156 677 3222 maxime
701 3177 738 3222 eo
764 3155 911 3240 fulcitur,
936 3158 1021 3237 quod
1044 3164 1216 3239 postquam
1240 3157 1373 3224 Orestes

143 3262 211 3326 iam
243 3261 369 3343 pridem
400 3264 529 3329 domum
561 3264 705 3346 introiit,
739 3265 857 3330 chorus
887 3264 1006 3330 iterum
1037 3264 1293 3346 Agamemnonis
1323 3285 1374 3330 se-

142 3368 293 3450 pulcrum
317 3375 517 3452 apprecatur
543 3390 573 3438 v.
592 3371 784 3437 raa-725:

413 3476 440 3551 ὦ
462 3483 606 3553 πότνια
629 3483 737 3568 χθὼν
758 3488 823 3554 καὶ
847 3485 977 3554 πότνι’
1000 3483 1094 3577 α’κτῆ

412 3590 677 3678 χώματος

412 3703 479 3767 νῦν
503 3698 737 3780 ἐπάκουσον,
762 3705 829 3768 νῦν
852 3701 1064 3791 ἐπάρηξον,

144 3816 231 3896 quod
261 3814 327 3882 nisi
355 3817 539 3899 sepulcrum
566 3837 668 3902 prope
698 3819 825 3902 regiam
853 3820 953 3886 situm
981 3839 1052 3886 esse
1082 3825 1180 3903 poeta
1204 3820 1372 3904 voluisset,

145 3923 323 3989 absurdum
357 3924 488 4011 esset⁴).
536 3926 629 4009 Quod
664 3927 693 3993 si
728 3927 918 4010 statuimus,
954 3927 1020 3993 iam
1055 3946 1119 3994 non
1150 3928 1266 3993 mirum
1301 3947 1373 3994 esse

145 4037 255 4112 potest
285 4032 372 4111 quod
401 4031 535 4099 Orestes
570 4033 658 4100 inter
694 4035 835 4102 famulas
870 4035 947 4101 illas
986 4037 1025 4100 de
1059 4034 1155 4118 regia
1189 4035 1263 4116 ipsa
1297 4053 1373 4118 pro-

145 4137 297 4204 cedentes
320 4138 488 4208 Electram
512 4141 640 4208 versari
664 4141 862 4225 suspicatur.

236 4354 255 4422 ¹)
275 4353 317 4409 Of.
338 4351 424 4408 Bethc
443 4353 461 4408 1.
475 4369 497 4410 o.
516 4371 542 4422 p.
558 4353 608 4409 104
619 4370 657 4422 sq.
677 4360 706 4409 et
725 4355 836 4425 Rebert‚
856 4356 947 4413 Herm.
966 4355 1073 4411 XXXII
1093 4356 1153 4412 431.

234 4443 255 4512 ¹)
276 4442 318 4496 Ol.
338 4441 451 4498 Richter
470 4443 487 4500 l.
502 4459 525 4500 c.
545 4460 570 4513 p.
584 4445 644 4502 215.

234 4531 256 4602 ¹)
275 4532 318 4589 Of.
338 4531 523 4590 1111111111.
543 4550 569 4603 p.
583 4534 643 4591 215.

233 4622 255 4692 ⁴)
275 4621 317 4677 Oi.
337 4621 449 4677 Nilsson
467 4623 484 4677 1.
500 4639 521 4676 c.
541 4624 664 4694 [11811.
