3442 5324
834 357 853 419 7

280 569 398 658 σχολὴν
421 567 558 658 καλτόν
581 573 646 634 τῶν
669 567 736 634 άνιο
765 566 820 658 λό-

281 687 360 764 θρν,
394 677 562 759 ἐπιθυμία
600 679 654 742 καλ
693 675 819 761 θυμός,

280 777 349 850 οἷον
364 781 478 850 ἳτιτιων
495 785 607 868 ζεῦγος
626 783 820 860 ἐκπεσόντος

279 894 337 956 τοῦ
361 889 494 978 ἡνιόχου
519 889 784 978 συνταράττεται.

233 1002 323 1082 22,ιτ
356 995 440 1064 άλλὰ
466 996 504 1064 τό
524 997 585 1082 μέν
607 997 820 1084 βαλάντιον

280 1104 492 1194 περικόπτειν
531 1107 586 1171 καὶ
626 1103 664 1170 τό
705 1109 819 1188 σῶμα

279 1212 508 1297 διατέμνειν
531 1211 668 1279 δι’ναται
694 1210 729 1290 (ό
752 1236 818 1278 κα-

278 1325 441 1408 κοῦρμος).

232 1644 286 1724 27,
295 1673 322 1711 τι
348 1640 366 1706 δ
387 1640 422 1707 δέ
446 1640 526 1718 θεὸς
549 1645 607 1730 τῆς
628 1641 819 1725 πλεονεξίας

278 1746 346 1836 τὴν
389 1746 555 1834 α’ταξίαν
601 1747 662 1826 εἰς
707 1746 819 1833 τάξιν

278 1851 372 1940 ἄγει.

232 2179 316 2258 32,ι
355 2175 387 2243 οἱ
424 2176 461 2243 δὲ
499 2169 569 2243 οἷον
613 2175 652 2242 ἐν
688 2173 817 2243 σκότει

279 2281 513 2372 πλανηθέντες.

232 2500 285 2581 43,
301 2529 330 2568 τι
370 2495 531 2588 α’ργοτέρα
566 2497 603 2564 δέ
637 2499 761 2582 μᾶλλον
796 2496 816 2586 ἡ

278 2602 407 2694 άρέστρ,
437 2603 475 2694 ἢν
497 2603 592 2689 δμεῖς
616 2603 817 2694 άδιάφθο·

278 2738 345 2800 ρον
368 2714 423 2778 καὶ
447 2713 605 2800 νεοτελῆ
627 2713 766 2792 καλεῖτε,
797 2711 816 2802 ἢ

276 2818 321 2908 μό
352 2818 517 2908 προτέρου
547 2817 713 2910 εἰτειράθρ
743 2818 815 2886 στό-

276 2951 391 3010 ματος,
415 2924 498 2993 άλλά
522 2925 679 3015 ιτριότην
702 2925 815 3011 γένε-

278 3059 341 3100 σιν
363 3037 441 3122 τῇδε
464 3032 647 3118 βιοτεύει.

232 3143 305 3225 45,·ι
338 3139 376 3207 τό
395 3139 456 3229 γάρ
480 3139 627 3230 θνητόν
650 3147 701 3228 τῷ
716 3141 816 3210 άθα-

277 3245 377 3334 νάτιμ
394 3245 454 3329 οὐχ
470 3245 595 3332 ὅμοιον,
619 3247 690 3314 ἀλλ’
706 3249 815 3316 έναν-

276 3355 369 3423 τίον.

231 3464 320 3545 48‚12
358 3466 480 3528 ταῦτα
508 3460 570 3550 γάρ
594 3461 815 3553 ἐξελήλεγκται

276 3569 342 3648 καί,
365 3568 396 3636 εἰ
412 3569 559 3636 νεανικόν
582 3569 698 3650 εἰπεῖν,
723 3569 815 3637 άδα-

277 3676 485 3759 μαντίνοις
525 3679 660 3761 δεσμοῖς
698 3677 815 3744 δέδε-

277 3807 350 3850 ται.

231 4107 285 4188 57,
296 4106 337 4171 20
366 4097 437 4171 οἷον
458 4103 492 4170 έν
516 4103 623 4171 σκότει
648 4111 712 4170 τῶν
734 4114 815 4194 θνη-

275 4217 341 4277 τῶν
364 4209 601 4300 αἰσθήσονται,
624 4215 679 4279 καὶ
703 4209 815 4300 ιδσιτερ

277 4317 325 4396 εἰς
360 4317 510 4403 τιοταμόν
545 4317 743 4403 ε’μττεσόντες
776 4325 816 4408 τῇ

276 4428 331 4492 καὶ
354 4431 395 4512 τῇ
418 4425 577 4514 ιμέρονται
601 4425 816 4515 κρατούμε-

276 4559 337 4600 νοι
366 4535 491 4618 μᾶλλον
522 4533 540 4623 ἢ
569 4538 815 4624 κρατοῦντες.

919 569 1010 634 aliud
1034 570 1146 635 valent
1171 575 1268 648 atque
1298 569 1331 633 in
1355 570 1460 634 Theo-

919 676 1072 758 phrasto)
1130 683 1263 742 exstant
1319 676 1458 741 Phaedr.

920 786 984 848 246
1001 784 1079 848 A—
1094 784 1157 847 247
1175 783 1208 849 C.

876 997 975 1079 Gorg.
995 997 1106 1063 508D
1135 993 1174 1062 οδ
1197 1021 1296 1084 φημι,
1321 987 1347 1061 ιδ
1370 997 1460 1061 Καλ-

919 1103 1054 1180 λίκλεις,
1099 1101 1137 1168 τό
1175 1101 1363 1170 τόιτιεσθαι
1403 1103 1460 1169 &ab

918 1207 1038 1300 κόρρης
1065 1207 1188 1286 άδίκιος
1216 1212 1386 1291 αἴσχιστον
1414 1202 1459 1276 εἷ-

917 1341 971 1384 ναι
1006 1315 1083 1384 ον’δέ
1113 1341 1147 1402 με
1175 1316 1212 1383 τδ
1240 1316 1458 1401 τέμνεσθαι

918 1422 992 1491 οὔτε
1015 1423 1052 1491 τό
1077 1429 1186 1510 σῶμα
1212 1421 1251 1491 τό
1275 1421 1353 1509 ἐμόν
1383 1421 1459 1490 οὔτε

916 1529 955 1597 τό
977 1529 1224 1616 βαλλάντιον.

873 1640 956 1704 Tim.
982 1641 1070 1706 30A
1103 1643 1170 1704 πᾶν
1198 1635 1276 1705 ὅσον
1304 1635 1342 1726 ’ἦν
1370 1635 1457 1727 δρα-

917 1744 974 1811 τόν
999 1798 1057 1814 ...
1082 1744 1273 1831 κινούμενον
1296 1747 1457 1833 ιτλρμμε-

917 1855 982 1930 λιῦς
1009 1855 1064 1920 καὶ
1088 1851 1235 1930 άτάκτιος
1265 1852 1299 1920 εἰ
1305 1879 1322 1929 ς
1344 1850 1458 1936 τάξιν

917 1959 998 2026 αὐτὸ
1029 1959 1165 2050 ἢγαγεν
1190 1960 1228 2028 ἐκ
1255 1965 1322 2050 τῆς
1353 1957 1457 2025 α’τα-

917 2067 1014 2152 ξίας.

871 2177 993 2242 Phaed.
1023 2178 1065 2242 99
1092 2178 1119 2242 Β
1160 2174 1177 2241 ό
1206 2175 1246 2264 δὴ
1276 2201 1333 2259 μοι
1362 2173 1456 2262 (μαί-

917 2308 1027 2350 νονται
1047 2285 1266 2372 ψηλαφῶντες
1290 2280 1322 2348 οἱ
1338 2283 1455 2347 πολλοὶ

917 2388 1029 2478 δι’στιερ
1054 2390 1093 2456 ἐν
1117 2389 1257 2458 σκότει.

871 2499 1010 2563 Phaedr.
1037 2499 1101 2563 250
1126 2499 1154 2563 Ε
1194 2496 1211 2561 ό
1240 2495 1300 2580 μέν
1324 2492 1382 2562 οὖν
1409 2493 1454 2584 μὴ

919 2605 1097 2693 νεοτελής
1122 2601 1140 2692 ἢ
1164 2601 1422 2693 διεφθαρμένος.

872 2820 987 2886 2521)
1012 2817 1074 2895 διας
1094 2815 1134 2885 [iv
1156 2811 1177 2908 ᾗ
1200 2817 1456 2906 άδιάιμθορος

915 2928 968 2992 καὶ
992 2924 1051 3014 τὴν
1071 2929 1149 3014 τῇδε
1171 2923 1328 3014 πρώτην
1351 2924 1454 3009 γένε-

917 3057 978 3100 σιν
1000 3032 1169 3121 βιστεόῃ.

872 3143 993 3207 phaed.
1022 3142 1082 3207 105
1104 3141 1134 3206 D
1167 3136 1307 3228 πότερον
1331 3137 1361 3204 δ’
1385 3137 1456 3205 ἐστι

914 3274 945 3313 τί
978 3248 1053 3332 ζωῇ
1084 3247 1262 3312 έναντίον
1293 3244 1311 3336 ἢ
1341 3245 1456 3324 οὐδέν,·

915 3353 1014 3432 ἐστιν,
1038 3352 1113 3442 έλμη.
1137 3354 1189 3431 τί,·
1219 3351 1406 3431 θάνατος.

872 3463 971 3545 Gorg.
997 3463 1107 3530 508ss
1141 3465 1262 3527 ταῦτα
1288 3459 1365 3550 ἡμῖν
1388 3459 1455 3528 ἄνω

916 3567 983 3635 ἐκεῖ
1013 3568 1047 3634 ἐν
1076 3573 1147 3645 τοῖς
1175 3566 1326 3657 πρόσθεν
1348 3565 1456 3653 λόγοις

915 3673 1001 3741 οὕτω
1026 3675 1186 3764 (μανέντα,
1210 3674 1254 3752 τός
1279 3674 1339 3760 έμιό
1363 3674 1455 3760 λέγω,

915 3781 1084 3863 κατέχεται
1119 3783 1175 3849 καὶ
1210 3781 1367 3849 δέδεται
1401 3783 1455 3849 καὶ

915 3889 946 3956 εἰ
993 3887 1222 3979 δμροικότερόν
1266 3916 1299 3956 τι
1349 3887 1456 3955 εἰπεῖν

915 3995 1014 4075 ἔστιν,
1036 4000 1186 4087 σιδηροῖς
1201 3998 1256 4064 καὶ
1280 3993 1456 4079 άδαμαν-

914 4103 1040 4181 τόνοις
1063 4102 1180 4189 λόγοις.

870 4212 953 4277 Tim.
983 4213 1024 4278 43
1047 4215 1076 4278 Α
1107 4211 1153 4277 Αἱ
1178 4209 1207 4278 δ’
1230 4209 1278 4287 εἰς
1306 4209 1456 4294 ττοταμόν

916 4318 1104 4386 ἐνδεθεῑσαι
1132 4316 1236 4384 ττολόν
1262 4315 1328 4383 τιδι’
1345 4315 1456 4407 ἐκρά-

915 4451 1006 4492 τουν
1030 4423 1097 4491 οὔτ’
1121 4426 1375 4515 ἐκρατοῦντο,
1398 4426 1457 4513 βίᾳ

917 4531 945 4599 δ’
969 4532 1127 4623 εἰμέρονιο
1151 4535 1206 4600 καὶ
1230 4531 1359 4622 ἔφερον.
