3462 5312
822 409 1030 510 ..aa

402 622 603 687 Phaedrus
638 621 742 703 igitur
771 619 998 704 graecissandi
1033 621 1193 686 rationem
1226 621 1367 686 maxime
1402 621 1539 703 sprevit.

313 731 437 795 'lemen
461 748 554 794 nemo
579 729 716 810 negabit
739 747 811 794 eum
827 728 950 792 litteris
967 727 1106 794 Graecis
1130 727 1213 792 satis
1238 728 1401 793 eruditum
1427 728 1540 805 fuisse.

313 837 434 919 quippe
458 837 514 917 qui
543 842 682 902 testetur
691 837 713 920 ¹)
739 857 773 901 se
801 835 835 901 in
864 835 938 916 ipsa
961 853 1065 916 paene
1093 841 1205 899 natum
1229 834 1343 900 schola
1370 834 1541 900 litteratae

314 963 385 1010 esse
408 944 595 1026 propiorem
612 943 773 1009 Graeciae
799 961 896 1022 quam
912 941 1076 1024 Phrygem
1095 941 1257 1023 Aesopum
1282 947 1316 1006 et
1333 941 1543 1007 Anacharsin

313 1051 480 1135 Scytham.
528 1051 592 1116 Sed
616 1049 754 1116 consilio
778 1056 934 1130 quantum
959 1048 1066 1130 potuit
1091 1049 1220 1114 Graeca
1243 1048 1375 1128 vitavit,
1400 1057 1437 1114 ut
1460 1049 1544 1114 coti-

313 1157 404 1224 diani
429 1158 587 1223 sermonis
612 1176 703 1222 usum
728 1157 877 1222 imitatus
894 1175 990 1237 quam
1015 1156 1156 1220 maxime
1179 1157 1220 1221 ad
1244 1175 1444 1222 communem
1468 1177 1543 1222 sen-

313 1284 383 1331 sum
418 1264 673 1346 popularemque
709 1264 970 1345 intellegentiam
1006 1283 1040 1329 se
1077 1264 1346 1329 accommodaret.
1401 1263 1471 1346 Quo
1508 1264 1544 1328 in

313 1373 482 1454 proposito
508 1373 709 1451 assequendo
735 1371 765 1436 ei
790 1391 854 1436 non
878 1391 981 1452 parvo
1006 1371 1193 1436 adiumento
1217 1377 1298 1453 erat,
1324 1372 1409 1450 quod
1433 1371 1467 1435 in
1491 1390 1544 1435 se-

314 1479 420 1545 nariis
445 1479 630 1544 efficiendis
659 1498 693 1544 se
718 1498 783 1544 non
806 1478 924 1543 iisdem
948 1478 1073 1544 severis
1097 1478 1227 1560 legibus
1250 1476 1397 1543 metricis
1421 1478 1546 1543 astrin-

314 1590 424 1670 gebat,
451 1605 532 1666 ques
556 1587 686 1666 quidem
710 1585 858 1652 Seneca
881 1587 1089 1666 observabat,
1114 1585 1171 1650 sed
1195 1584 1349 1666 spondeis
1376 1583 1411 1649 in
1436 1584 1544 1649 altero

317 1700 350 1759 et
373 1701 489 1774 quarto
515 1694 596 1775 pede
625 1693 838 1758 admittendis
867 1711 938 1758 cum
962 1693 1069 1773 poetis
1093 1691 1337 1773 antiquioribus
1362 1691 1546 1758 eonsentie-

316 1799 417 1884 bati).
465 1801 580 1881 Itaque
605 1801 638 1865 in
663 1820 761 1867 versu
785 1799 837 1865 ΙΙΙ
863 1801 914 1882 14,
933 1801 968 1864 2:

535 1907 538 1911 ¹
573 1927 733 2008 Aesopum
756 1926 889 1991 nucibus
913 1947 982 1992 curu
1005 1927 1142 2006 vidisset,
1167 1927 1279 1991 residit

313 2051 537 2116 accusativum
569 2050 724 2116 Latinum
756 2050 912 2115 adhibere
943 2051 1064 2131 potuit,
1096 2049 1130 2114 in
1161 2068 1223 2130 quo
1255 2049 1398 2114 Senecae
1430 2049 1544 2114 termi-

313 2157 446 2224 natione
471 2158 601 2223 Graeca
628 2157 737 2223 vocali
767 2157 957 2236 insequente
989 2175 1069 2237 opus
1102 2161 1182 2222 erat.
1230 2155 1295 2221 Hic
1327 2154 1413 2220 enim
1445 2163 1544 2236 poeta

312 2263 347 2328 in
393 2283 546 2329 versuum
592 2270 759 2329 structura
806 2264 1060 2345 diligentissime
1107 2264 1232 2344 optima
1270 2263 1421 2344 exempla
1467 2263 1542 2329 aeri

313 2373 474 2452 Augustei
498 2377 628 2436 secutus
656 2371 691 2435 in
715 2370 852 2436 alterius
881 2379 912 2436 et
937 2369 1048 2450 (quarti
1071 2371 1164 2452 pedis
1189 2371 1274 2435 thesi
1302 2370 1369 2434 nisi
1392 2370 1541 2454 syllabas

313 2485 483 2559 correptas
507 2497 571 2544 non
603 2477 737 2543 admisit
746 2476 781 2562 ἓ).
829 2479 1047 2561 Quamobrem
1072 2481 1233 2544 Graecam
1266 2477 1405 2542 sormam
1430 2482 1542 2559 postu-

312 2585 397 2650 lavit
420 2592 557 2649 metrum
582 2585 616 2649 in
641 2584 892 2650 Phoenissamm
917 2602 1015 2650 versu
1043 2585 1120 2649 129:

571 2711 684 2793 quique
707 2711 787 2775 Eh'a
810 2718 837 2777 et
861 2710 1032 2776 Parnason
1055 2717 1083 2775 ct
1106 2708 1296 2792 Boeotios4).

403 2835 516 2916 Neque
541 2836 640 2902 aliam
669 2837 737 2900 fere
761 2836 849 2901 viam
873 2842 971 2917 atque
988 2836 1158 2901 Phaedrus
1182 2835 1325 2918 ingressi
1350 2841 1426 2901 sunt
1448 2835 1541 2900 Per-

314 2942 431 3028 sius⁵)
470 2950 502 3009 et
531 2943 738 3010 Iuvenalis
771 2949 957 3009 saturarum
993 2950 1123 3024 poetae,
1160 2961 1243 3023 quae
1274 2943 1361 3008 ratio
1398 2943 1541 3008 eiusdem

407 3177 424 3242 ¹)
445 3173 550 3230 Ot'lii
570 3175 637 3242 prol.
658 3175 733 3252 120ι
758 3180 786 3228 et
812 3176 912 3240 aesqq.
943 3205 974 3212 -—
1006 3174 1054 3227 ud.
1078 3173 1254 3241 Wdlll'lin,
1283 3173 1335 3227 Die
1359 3173 1471 3240 Epoden
1496 3173 1543 3227 dea

313 3263 504 3332 Archilochos,
536 3263 606 3318 hius.
626 3263 711 3319 Rhen.
731 3265 766 3317 39
791 3280 816 3331 p.
833 3266 890 3318 157.
922 3295 952 3302 —
995 3264 1023 3319 L.
1044 3263 1215 3332 Schwabe,
1248 3263 1389 3317 Phaedrus
1418 3262 1486 3316 doch
1514 3263 1542 3316 in

316 3354 423 3408 Pierien
443 3355 571 3422 geboren,
591 3353 654 3409 ibid.
675 3370 699 3421 p.
714 3355 766 3408 476
777 3369 815 3420 sq.
841 3385 872 3392 -
902 3355 974 3407 liuil.
996 3353 1130 3422 Hartel,
1156 3354 1298 3418 Analecta.
1323 3353 1420 3407 Studia
1440 3351 1542 3407 Vindo-

315 3443 446 3497 bonensia
465 3444 480 3495 7
501 3443 622 3512 (rebbla)
642 3459 667 3510 p.
683 3445 732 3497 151
745 3459 782 3509 sq.

405 3533 424 3600 ²)
446 3533 475 3588 L.
496 3531 631 3600 Miller,
652 3533 692 3586 De
712 3549 741 3586 re
759 3535 882 3600 metrica,
903 3533 941 3586 ed
955 3535 979 3602 2,
998 3534 1201 3600 [1524111.-
1221 3532 1270 3600 ld,
1292 3531 1441 3598 Phaedrus,
1454 3531 1541 3599 prael.

313 3640 338 3691 p.
353 3622 391 3675 IX
411 3621 621 3678 ed.mai.1877.
643 3651 676 3660 ·-
696 3622 746 3690 lo,
760 3623 829 3676 idus.
841 3623 925 3676 Rhen.
940 3623 975 3676 30
994 3621 1087 3690 p.618.
1109 3653 1141 3660 -
1162 3622 1192 3675 P.
1208 3622 1358 3691 Langen,
1379 3620 1541 3674 iiuaRhen.

314 3713 348 3767 13
367 3728 392 3780 p.
408 3713 467 3767 197.

402 3801 423 3870 ⁸)
443 3801 473 3855 F.
483 3803 514 3856 A.
530 3801 596 3853 Lan
603 3817 655 3870 ge,
669 3801 851 3867 Quaestiones
865 3805 1004 3867 metricae,
1018 3801 1096 3855 Bonn
1108 3801 1186 3869 1851,
1199 3817 1223 3868 p.
1232 3802 1273 3856 23.
1290 3831 1322 3839 -
1337 3801 1367 3854 B.
1379 3799 1542 3856 Schmidt.

315 3893 355 3946 De
368 3891 486 3945 Senecae
506 3890 713 3960 tragoediarum
731 3892 887 3946 rationibus
906 3891 1058 3959 prosodicis
1077 3896 1106 3945 et
1124 3893 1255 3958 metricis,
1274 3889 1397 3944 Berolini
1411 3888 1487 3944 1860.
1508 3919 1541 3928 -

314 3981 349 4035 Μ.
370 3980 494 4048 Hoohc,
516 3979 565 4033 Die
579 3979 670 4034 iletre
689 3979 736 4034 der
749 3980 906 4048 Tragbdieu
927 3981 973 4034 des
987 3983 1096 4048 Seneca,
1117 3979 1197 4034 Helle
1213 3979 1289 4034 1862.
1309 4009 1342 4018 -
1362 3979 1392 4034 L.
1405 3978 1542 4044 Mdller,

314 4070 355 4123 De
374 4085 403 4122 re
423 4071 549 4136 metrice,
570 4069 610 4123 ed.
625 4071 650 4136 2,
669 4085 694 4136 p.
711 4070 768 4125 125.
797 4099 829 4108 -
856 4070 906 4132 ld..
930 4069 1005 4124 Neue
1024 4069 1195 4124 Jahrhilcher
1214 4069 1234 4122 f.
1254 4067 1323 4123 Phil.
1342 4085 1367 4122 u.
1383 4067 1487 4138 P'adag.
1507 4067 1543 4120 89

314 4175 338 4226 p.
352 4159 413 4213 473.
434 4189 467 4196 -
487 4158 536 4227 ld.,
557 4159 626 4212 Mus.
639 4159 723 4214 Rhen.
746 4160 778 4212 19
797 4176 821 4227 p.
836 4160 897 4224 360,
909 4161 968 4216 521.
991 4191 1022 4197 —
1043 4160 1074 4213 R.
1089 4159 1223 4226 Peiper,
1242 4157 1367 4212 Berliner
1381 4155 1544 4212 Zeitsohrift

314 4249 362 4302 fur
381 4247 406 4302 d.
420 4248 674 4314 Gymnasialwesen
696 4247 728 4302 18
747 4264 771 4316 p.
785 4249 847 4302 694.

403 4337 606 4406 hffipffl.

404 4426 425 4494 Ι1)
445 4425 478 4479 In
496 4427 592 4493 paucis
612 4427 645 4480 19
665 4427 778 4481 Graecis
797 4427 909 4494 formis,
933 4441 1002 4493 quas
1022 4427 1134 4480 Persius
1154 4426 1181 4479 in
1200 4426 1331 4480 bedenis
1350 4425 1476 4480 versibus
1495 4426 1544 4479 ad·

313 4516 412 4582 hibuit,
431 4521 489 4570 tres
508 4517 604 4582 inesse,
624 4533 693 4581 quae
713 4519 740 4570 in
755 4517 879 4572 versibus
899 4517 933 4571 ab
954 4515 1016 4570 aliis
1030 4517 1119 4583 poetis
1133 4516 1301 4586 depromptis
1320 4520 1439 4576 exstent.
1460 4531 1545 4583 supra

315 4622 338 4673 p.
360 4609 402 4673 21,
418 4607 460 4672 74,
475 4605 510 4659 98
529 4601 655 4660 uidimus.
