3462 5312
637 435 846 538 W20-3ffl

129 650 308 714 carminum
340 649 471 731 generis
497 649 618 714 Latina
642 649 770 731 origine
799 650 882 716 satis
906 649 1100 731 explicatur.
1141 650 1223 715 Item
1254 651 1355 716 facile

129 763 179 822 est
210 756 378 821 intellectu
411 755 684 822 Germanicum
714 757 904 838 plerumque
935 757 1123 822 servavisse
1154 757 1355 823 Graecorum

129 883 264 945 rnorem,
297 882 368 928 cum
398 863 496 927 Arati
528 862 737 944 disciplinam
769 863 1003 945 astrologicam
1034 883 1054 928 a
1084 863 1241 929 Romanis
1272 864 1355 929 satis

129 970 270 1035 alienam
305 970 339 1035 in
372 969 527 1034 Latinam
563 969 710 1050 linguam
743 976 958 1036 converteret.
1015 969 1065 1034 Εο
1099 969 1205 1051 magis
1238 970 1355 1034 mirum

130 1078 269 1160 videtur,
295 1079 381 1158 quod
396 1076 599 1158 Manilius
625 1077 718 1143 cuius
742 1077 835 1159 operi
858 1077 966 1142 simile
990 1079 1102 1142 subest
1118 1083 1355 1159 argumentum,

130 1191 247 1264 quater
271 1190 398 1250 tantum
426 1184 460 1248 in
485 1183 631 1250 centenis
656 1185 806 1250 versibus
831 1183 970 1250 Graecis
1000 1184 1116 1249 formis
1144 1203 1221 1250 usus
1246 1189 1296 1249 est
1324 1191 1357 1248 et

129 1299 338 1358 centenorum
363 1292 564 1358 Graecorum
595 1291 760 1357 nominum
792 1292 832 1356 37
858 1297 985 1356 tantum
1010 1291 1136 1357 Graece
1166 1291 1355 1370 declinavit,

130 1418 266 1479 quarum
299 1419 379 1480 prae
413 1397 490 1463 aliis
524 1418 703 1480 paucarum
732 1398 934 1466 Graecarum
971 1399 1149 1464 formarum
1183 1399 1256 1480 plus
1289 1405 1357 1464 tres

131 1513 241 1587 partes
286 1506 381 1571 metri
425 1505 622 1570 necessitate
661 1505 847 1587 postulatae
891 1511 975 1570 sunt.
1039 1505 1217 1571 Pauciores
1256 1507 1356 1571 etiam

131 1613 279 1679 Graecae
313 1613 437 1678 formae
468 1613 503 1677 in
534 1613 678 1678 carmine
710 1613 835 1694 insunt,
872 1614 958 1693 quod
989 1613 1183 1678 inscribitur
1217 1613 1355 1694 Aetna,

130 1738 213 1799 quae
243 1740 297 1786 res
327 1720 483 1786 Latinam
519 1719 588 1785 eius
620 1720 781 1801 originem
815 1721 1008 1785 confirmare
1040 1721 1184 1800 videtur,
1222 1721 1261 1785 de
1293 1739 1358 1800 qua

130 1827 280 1893 Sudhaus
311 1826 413 1892 dixit:
449 1827 543 1910 ,Wir
573 1829 700 1892 konnen
725 1829 835 1894 weder
867 1828 900 1892 in
924 1827 1040 1892 Poesie
1073 1828 1156 1893 noch
1187 1828 1222 1891 in
1252 1828 1358 1893 Prusa

131 1933 183 1998 ein
215 1935 332 2016 Werk,
369 1934 428 1998 das
464 1933 528 2000 wir
562 1933 612 1999 als
644 1934 758 2018 Quelle
795 1934 873 1998 oder
906 1934 956 1999 als
986 1933 1125 2000 Vorbild
1159 1934 1358 1999 bezeichnen

130 2041 285 2122 konnten,
311 2043 394 2108 auch
418 2041 510 2106 nicht
525 2043 597 2107 110111
613 2041 740 2107 Numen
765 2042 879 2107 nach“.
917 2042 1036 2106 Poetas
1053 2041 1193 2122 denique
1208 2041 1358 2107 heroicos

131 2148 270 2215 Graecis
296 2148 412 2214 formis
429 2149 601 2214 servandis
618 2148 794 2230 praecipue
816 2149 980 2214 studuisse
1003 2149 1070 2213 iam
1087 2167 1187 2230 supra
1203 2147 1356 2214 vidimus

130 2255 332 2337 Conspectus
357 2264 464 2321 autem
488 2263 602 2322 sextus
619 2257 713 2321 110001
737 2275 777 2321 ex
797 2256 861 2321 hac
884 2256 957 2338 lege
982 2256 1130 2320 Lucani
1147 2255 1357 2320 Pharsaliam

131 2371 164 2427 01
193 2363 270 2429 Sili
296 2363 436 2428 Italici
466 2363 591 2428 Punica
624 2370 762 2445 excepta
795 2383 875 2429 esse.
930 2363 970 2428 lo
999 2363 1052 2428 his
1084 2363 1170 2428 enim
1203 2363 1357 2444 operibus

131 2490 286 2537 numerus
311 2471 512 2537 Graecarum
545 2471 724 2537 formarum
754 2471 860 2536 tribus
893 2471 962 2536 1010
990 2470 1141 2552 partibus
1171 2470 1279 2536 minor
1309 2477 1359 2534 001

132 2597 230 2658 quam
260 2577 293 2642 in
324 2579 444 2643 0010110
455 2577 487 2662 1).
536 2579 599 2644 Sed
630 2578 725 2644 huius
754 2579 803 2644 rei
832 2597 904 2644 eam
927 2597 1061 2644 causam
1085 2577 1239 2644 sulficere
1267 2584 1356 2658 puto,

132 2686 219 2764 quod
243 2685 343 2750 Silius
366 2685 504 2751 Italicus
529 2685 563 2750 in
586 2685 721 2751 Punicis
746 2693 778 2751 01
801 2686 954 2750 Lucanus
983 2684 1018 2750 in
1041 2683 1216 2750 Pharsalia
1240 2685 1359 2750 Roma-

133 2811 247 2858 norum
271 2792 417 2874 ipsorum
441 2813 494 2858 100
518 2800 630 2874 gestas
654 2780 891 2859 tractaverunt.

223 2899 296 2964 Non
321 2899 437 2981 ignoro
462 2901 495 2964 in
519 2905 721 2982 argumento,
747 2901 831 2980 quod
848 2900 1072 2965 disserendum
1095 2899 1176 2964 mihi
1193 2897 1358 2980 proposui,

131 3007 236 3071 multa
260 2991 430 3088 superesse
455 3007 569 3088 digna,
599 3026 682 3087 quae
707 3007 872 3088 copiosius
897 3007 1121 3087 exquirantur.
1169 3006 1256 3071 Illud
1280 3024 1358 3072 vero

133 3114 283 3180 docuisse
314 3114 393 3179 mihi
425 3115 540 3180 videor
569 3121 684 3196 poetas
720 3114 818 3195 primi
849 3134 879 3196 p.
903 3113 976 3180 Chr.
999 3134 1029 3178 n.
1063 3113 1188 3179 saeculi
1223 3113 1368 3184 cundem·

134 3220 334 3287 Graecorum
369 3222 534 3287 nominum
566 3241 672 3304 usum,
707 3241 800 3302 quem
830 3221 998 3304 Vergilius
1029 3220 1190 3286 Horatius
1221 3219 1360 3286 Ovidius

134 3327 381 3410 incohaverant,
406 3329 551 3395 tenuisse
574 3335 672 3410 atquc
697 3329 888 3394 excoluisse.

227 3561 245 3628 ¹)
268 3561 372 3614 Punica
391 3561 441 3615 Sili
460 3561 553 3615 Italici
572 3562 601 3615 111
624 3562 747 3616 00110110
767 3560 891 3616 versibus
911 3562 966 3629 4,2
985 3564 1097 3616 tantum
1116 3560 1237 3614 Graecas
1257 3561 1361 3614 formas

134 3648 274 3717 praebent,
294 3649 361 3704 Ilias
381 3667 444 3704 vero
465 3651 567 3704 Latina
586 3652 628 3718 14,
642 3651 666 3704 7.
