3522 5310
860 271 1071 372 .-AL

466 468 500 534 Si
519 467 660 556 denique
677 467 826 532 diversas
844 467 884 532 de
901 470 1037 554 praemii
1055 468 1262 533 dedicatione
1279 467 1321 532 ad
1339 467 1438 532 deum
1462 467 1549 532 facta

376 577 580 640 narrationes
597 576 803 661 respicimus,
828 575 870 640 ad
883 575 1072 662 Apollinem
1085 574 1293 662 Delphicum,
1313 574 1547 662 Didymaeum,

377 682 556 747 Ismenium
579 680 713 766 Thebis,
739 681 918 746 Herculem
943 683 1149 754 Thebanum,
1178 681 1377 747 monendum
1407 691 1459 746 est
1487 681 1547 746 bac

378 790 410 854 in
440 790 632 875 quaestione
655 791 838 876 praemium
861 787 1003 854 fabellae
1028 788 1069 854 de
1093 799 1220 876 septem
1245 789 1449 876 sapientibus
1475 811 1548 852 cum

376 919 455 960 vero
492 896 698 964 anathemate
731 895 828 961 huius
852 895 939 961 illius
965 905 1092 982 septem
1116 898 1314 983 sapientium
1339 899 1546 962 coniunctum

378 1026 463 1068 esse.
512 1003 578 1068 Sed
594 1013 710 1090 postea
734 1005 912 1090 scriptores
938 1005 1046 1069 omnia
1068 1025 1213 1089 aequare
1230 1003 1415 1086 studebant,
1439 1025 1547 1089 neque

377 1131 500 1195 negare
523 1133 702 1197 possumus
726 1113 766 1174 iis
790 1109 999 1175 multifariam
1025 1111 1214 1194 contigisse,
1243 1119 1279 1175 ut
1302 1109 1547 1176 diversissimas

375 1215 504 1281 fabulas
530 1219 767 1300 coniungerent
783 1216 927 1303 undique
945 1216 1213 1282 similitudinibus
1230 1219 1349 1302 petitis.
1383 1217 1548 1304 Imprimis

378 1334 488 1389 autem
517 1323 734 1389 Alexandrini
762 1333 800 1389 ut
834 1323 898 1388 aliu
927 1323 1133 1409 collegerunt
1161 1335 1193 1388 et
1224 1323 1469 1411 disposuerunt,
1506 1326 1550 1389 ita

376 1433 474 1496 etiam
514 1429 555 1496 de
600 1440 727 1517 septem
771 1430 975 1518 sapientibus
1015 1433 1241 1518 quaestionem
1281 1430 1425 1517 amplexi
1463 1440 1549 1496 sunt.

377 1537 475 1619 Quod
498 1560 564 1604 non
581 1537 687 1604 solum
710 1537 859 1625 perutile,
885 1539 944 1603 sed
961 1541 1102 1603 maxime
1127 1539 1352 1603 necessarium
1369 1549 1449 1622 erat,
1474 1541 1551 1626 quia

377 1644 501 1710 saeculi
518 1647 626 1732 quarti
649 1657 714 1710 tam
738 1645 903 1711 fluctuans
929 1645 969 1711 de
985 1644 1049 1709 illis
1066 1643 1178 1710 fabula
1198 1647 1364 1730 ingentem
1380 1647 1550 1710 materiam

379 1763 643 1818 coacervaverat.
690 1753 793 1818 Nemo
828 1763 938 1818 autem
967 1753 1044 1818 huic
1068 1755 1252 1838 quaestioni
1280 1755 1385 1838 magis
1416 1775 1551 1840 operam

377 1859 468 1924 dedit
496 1883 594 1946 quam
618 1861 831 1947 Hermippus,
867 1862 1003 1926 cuiuse
1038 1858 1122 1924 libro
1149 1867 1216 1952 περὶ
1245 1875 1305 1930 τῶν
1336 1865 1412 1935 ἑπτὰ
1447 1875 1550 1954 σοφῶν

375 1965 491 2054 reliqui
509 1990 623 2032 omnes
642 1967 831 2051 hauserunt,
851 1977 883 2033 et
895 1967 1061 2033 Diodorus
1079 1977 1112 2031 et
1125 1967 1319 2033 Plutarchus
1337 1976 1369 2032 ct
1381 1969 1549 2054 Diogenes

376 2073 564 2160 Laertius).
658 2077 678 2117 ,·

378 2303 526 2372 Epigraph.
557 2305 666 2358 Mitteil.
687 2324 711 2359 a.
741 2305 917 2360 Oesterreich
946 2305 985 2359 Ill
1015 2305 1110 2371 (1885)
1126 2325 1153 2376 p.
1185 2305 1234 2358 145
1247 2323 1296 2373 sq,
1327 2303 1548 2372 Furtwaengler,

376 2392 585 2448 Meisterwerlre
604 2395 628 2448 d.
648 2395 753 2464 grisch.
768 2395 876 2448 Plastilr
888 2413 915 2464 p.
932 2394 992 2464 696,
1013 2395 1153 2450 liebertus
1171 2395 1200 2448 in
1220 2395 1273 2448 lex.
1292 2393 1548 2464 Pauly-Wissowae

376 2481 500 2538 111136.
1015 2498 1020 2510 ’

467 2574 486 2640 ¹)
505 2573 558 2626 Ud.
574 2573 608 2628 de
623 2573 816 2640 Wilamowitz,
832 2573 949 2628 Hermes
962 2571 1037 2627 XXV
1051 2573 1143 2646 (1890)
1153 2594 1179 2644 p.
1194 2574 1254 2627 226.
1278 2573 1416 2644 Toepffer,
1436 2574 1547 2639 Quaest.

375 2661 481 2716 Pisistr.
501 2682 528 2733 p.
547 2661 590 2718 27.
