3442 5324
736 420 776 484 31

144 633 252 700 culum
283 632 421 716 Delphis
444 633 586 716 rettulit,
619 641 652 700 et
682 654 744 716 quo
767 636 862 702 modo
891 634 994 704 Laius
1024 633 1161 717 perierit
1185 633 1370 717 interrogat

145 740 187 825 (v.
210 740 348 825 112sq.)
373 747 406 806 et
429 741 502 821 quis
527 741 597 823 ipse
621 741 666 809 sit
689 743 839 808 locastae
863 741 1011 824 explicat
1034 740 1077 826 (v.
1097 742 1159 806 771
1174 741 1236 826 sq.)
1257 742 1279 827 ).

235 846 390 928 Sequitur
420 853 456 912 ut
486 848 530 913 de
558 867 630 916 uuo
658 849 743 916 loco
772 848 989 932 Sophocleo
1021 868 1127 932 agam.
1175 847 1253 914 Cum
1285 849 1370 914 enim

143 973 229 1034 quae
260 960 355 1020 eraut
384 974 437 1020 res
468 955 639 1022 scaenicae
671 957 886 1038 Graecorum,
918 956 991 1022 fieri
1022 976 1086 1022 uon
1117 955 1262 1038 potuerit
1291 954 1371 1034 quin

142 1068 247 1128 totam
277 1081 338 1144 por
367 1061 513 1129 fabulam
545 1064 588 1129 ad
615 1065 713 1130 aedes
743 1064 834 1146 ipsas
861 1083 915 1130 res
945 1069 1122 1146 agerentur
1133 1061 1167 1146 Ἠ),
1201 1062 1371 1129 videamus

142 1169 262 1249 quihus
286 1188 363 1236 usus
387 1169 541 1240 mnficiis
565 1170 742 1253 Sophocles
771 1177 874 1238 totam
898 1171 1060 1237 actionem
1085 1171 1240 1236 inunum
1263 1169 1371 1235 locum

142 1276 362 1343 transtulerit.

233 1385 283 1450 Ac
312 1383 453 1466 primurn
482 1385 618 1465 quidem
643 1391 742 1468 poeta
772 1386 947 1452 homiues
977 1385 1032 1466 qui
1064 1386 1192 1452 domum
1222 1390 1371 1452 tenentes

139 1490 375 1572 impedimento
399 1497 488 1575 sunt,
514 1511 576 1573 quo
601 1493 708 1562 nunus
731 1511 784 1566 res
809 1495 850 1558 ad
875 1495 972 1560 aedes
996 1499 1139 1576 agantur
1163 1494 1256 1559 domo
1281 1511 1369 1560 arno-

140 1604 199 1664 vet
223 1597 334 1665 aliave
350 1617 450 1666 causa
473 1599 658 1681 prohibet
680 1619 725 1666 ne
749 1619 846 1681 quae
871 1601 974 1667 ioris
999 1600 1257 1667 conserantur
1280 1619 1370 1668 cou-

139 1704 242 1770 silia
265 1706 436 1773 audiant.

231 1813 408 1894 Postquam
439 1815 524 1880 enim
556 1814 718 1881 Electra
748 1815 845 1882 initio
879 1813 1027 1897 fabulae,
1063 1833 1160 1897 quam
1193 1815 1370 1881 crudeliter

138 1919 324 2002 Aegisthus
348 1921 382 1985 in
407 1921 512 2004 ipsam
528 1922 755 2004 consuluisset,
781 1924 933 2006 exposuit
955 1923 1195 2004 maledictaque
1219 1923 1252 1987 in
1277 1921 1370 1987 illum

139 2027 296 2110 coniecit,
321 2028 439 2094 chorus
464 2029 649 2112 interrogat
671 2031 714 2115 (v.
733 2030 914 2118 310-11):

358 2141 432 2233 φέρ’
455 2142 540 2221 εἶπέ,
563 2142 704 2235 πότερον
728 2143 840 2223 ὄντος
863 2145 1065 2231 Αἰγίσθου
1088 2143 1210 2223 πέλας

357 2249 461 2338 ῖέχεις
483 2250 556 2319 τάδ’
580 2251 658 2341 ἡμῖν
681 2250 701 2340 ἢ
723 2257 869 2340 βεβῶτος
893 2253 927 2320 εἰι
951 2251 1081 2338 δόμων,

139 2367 203 2434 Oui
227 2366 363 2433 Electra
388 2368 449 2434 hoc
471 2370 648 2451 respondet
671 2368 714 2456 (v.
732 2371 914 2457 312-13):

359 2475 524 2573 ἧκὰρτα·
549 2481 599 2574 μὴ
623 2483 729 2553 δόκει
752 2484 786 2570 μ’
802 2483 861 2566 ἄν,
885 2489 997 2575 εἴπερ
1022 2478 1065 2575 ἦν
1087 2484 1222 2564 πέλας,

359 2596 530 2680 θυραῖον
553 2590 716 2674 οἰχνεῖν·
746 2597 813 2661 νῦν
837 2593 867 2662 δ’
882 2592 1039 2684 ἀγροῖσι
1062 2591 1254 2679 τυγχάνει.

139 2709 238 2792 Quod
272 2707 371 2774 etiam
404 2728 445 2775 ex
475 2707 733 2794 Clytaemestrae
763 2712 875 2779 verbis
908 2712 1013 2779 elucet
1042 2712 1095 2778 his
1126 2713 1168 2799 (v.
1187 2709 1368 2795 517-18):

359 2821 403 2890 oni
425 2820 497 2918 γὰρ
520 2822 681 2915 πάρεστ’
703 2829 917 2912 Αἴγισθος,
941 2825 977 2906 ὅς
1002 2825 1030 2895 σ’
1046 2825 1150 2910 ἐπεῖχ’
1165 2824 1218 2894 ciet

358 2928 404 3020 μή
427 2956 480 2999 τοι
503 2932 651 3022 θυραίαν
674 2931 701 3019 χ’
725 2926 827 3001 οὖσαν
850 2933 1018 3017 αἰσχύνειν
1042 2935 1171 3025 φίλους.

235 3047 281 3114 Ut
315 3047 420 3130 igitur
450 3048 586 3115 Electra
621 3050 655 3118 iu
690 3071 810 3118 scaena
840 3053 914 3135 ipsa
948 3052 1115 3135 explicare
1145 3057 1270 3135 posset,
1307 3070 1369 3132 quo

137 3154 238 3220 modo
264 3153 503 3238 Clytaemestra
527 3162 559 3222 et
582 3157 762 3240 Aegisthus
791 3178 863 3225 sese
886 3168 1052 3243 gererent,
1084 3159 1261 3242 Sophocles
1285 3159 1371 3226 hunc

138 3260 260 3344 procul
276 3263 443 3328 absentem
461 3262 556 3346 iecit;
581 3284 656 3330 nam
678 3272 804 3333 tantum
823 3270 949 3350 aberat,
975 3273 1011 3333 ut
1026 3268 1162 3333 Electra
1178 3267 1371 3349 Aegisthum

137 3367 199 3434 ubi
222 3367 364 3449 primum
388 3370 475 3436 (lomi
499 3378 700 3456 versaretur,
730 3373 934 3456 vituperaret
957 3375 1011 3442 vel
1035 3374 1239 3458 obiurgaret,
1271 3380 1371 3439 utne

139 3476 236 3542 foras
261 3474 390 3555 quidem
418 3478 508 3544 exire
536 3478 588 3544 illi
618 3479 742 3546 liceret.
790 3481 906 3562 ltaque
933 3489 1106 3565 postquam
1129 3482 1266 3547 Electra
1293 3487 1370 3546 ante

137 3582 271 3666 regiam
303 3583 439 3650 fratrem
470 3585 608 3669 agnovit
642 3595 740 3668 atque
771 3589 802 3655 ei
832 3607 895 3668 quo
925 3590 1021 3656 modo
1052 3589 1087 3655 in
1117 3593 1254 3654 matrem
1285 3593 1371 3654 esset

139 3689 376 3756 consulendum
401 3692 591 3776 explicavit,
617 3696 829 3779 paedagogus
853 3715 895 3761 ex
911 3697 1005 3778 regia
1028 3695 1194 3778 procurrit
1218 3695 1268 3761 his
1292 3712 1370 3761 usus

138 3796 256 3864 verbis
280 3797 324 3883 (v.
344 3799 545 3886 1326-33):

358 3905 386 3980 ὦ
408 3916 549 3984 πλεῖστα
572 3921 679 4006 μῶροι
703 3919 757 3984 καὶ
781 3921 911 4008 φρενῶν
933 3915 1126 4007 τητώμενοι,

358 4019 484 4113 πότερα
507 4021 587 4114 παρ’
610 4021 789 4093 οὐδὲντοῦ
811 4025 888 4112 βίον
911 4023 1047 4115 κήδεσθ’
1070 4023 1119 4093 ἔτι

235 4264 255 4332 ¹)
274 4265 316 4319 Of.
341 4263 373 4320 G.
387 4265 521 4336 propag,
549 4266 599 4320 Die
622 4266 745 4322 Technik
770 4267 817 4323 deo
842 4268 959 4323 Dromos
979 4269 989 4300 ²
1008 4283 1065 4337 cap.
1080 4267 1132 4323 IV:
1164 4266 1258 4336 „Dosa
1276 4267 1371 4338 Κϋιιῖρ

142 4353 263 4422 (ledepus
285 4355 352 4409 viole
368 4353 455 4408 Johre
473 4355 583 4424 πρίοσι,
608 4357 675 4411 ohne
698 4358 756 4412 eicio
779 4375 824 4411 um
843 4357 894 4412 den
916 4357 974 4413 Tod
992 4358 1037 4411 eles
1055 4357 1146 4412 Loium
1168 4374 1203 4410 ευ
1225 4357 1370 4424 tarnum,

139 4443 263 4498 orechten
283 4443 412 4498 atalante
436 4445 519 4500 echon
541 4445 583 4500 bei
600 4445 649 4500 der
667 4453 754 4502 eretm
772 4447 950 4518 Aoffithrunq
968 4448 1015 4502 ἀει
1034 4447 1144 4502 Stitctea
1162 4447 1213 4500 aar
1231 4446 1370 4501 Αθιενιανι

140 4534 186 4588 ah
204 4535 265 4588 eine
284 4533 451 4589 bedmlcliche
473 4535 714 4608 Varamoeaunya

234 4623 316 4692 nef.
338 4625 462 4691 eraso.
