3462 5312
746 437 807 502 ma
851 532 883 536 ,-

164 649 329 716 nominum
363 649 486 716 formas
518 653 654 718 tuendas
686 671 771 732 esso,
808 651 939 717 etiamsi
973 670 1083 716 earum
1117 651 1252 716 traditio
1285 651 1391 716 minus

163 765 214 823 est
244 765 348 840 certa,
382 777 452 823 cam
484 758 612 825 codices
644 758 701 837 G?
728 759 843 824 11666116·
870 759 930 842 Qut
954 757 1101 842 heracliam
1134 763 1166 823 et
1197 759 1257 841 (161
1280 759 1392 824 aiohca

164 864 347 931 PXABFG
370 865 496 931 aiebam
521 868 709 946 praebeant.

253 973 399 1039 Graecus
424 972 632 1039 aecusativus
656 972 800 1056 Sparten,
825 992 920 1053 quem
945 972 979 1037 in
999 972 1085 1039 Stati
1102 971 1269 1038 Thebaide
1292 972 1390 1038 1262

162 1079 315 1162 legimuS,
346 1080 498 1145 convenit
527 1098 598 1145 cum
622 1079 825 1145 nominativo
857 1077 970 1162 Sparte
997 1082 1039 1145 ab
1069 1080 1180 1145 eodem
1208 1085 1306 1160 poeta
1333 1079 1390 1144 ad·

162 1186 277 1251 hibito.
325 1186 449 1252 Eadem
481 1186 677 1253 nominativi
707 1187 813 1252 161116
841 1187 961 1266 ubique
985 1187 1109 1252 Seneca
1132 1205 1209 1252 usus
1238 1192 1301 1266 est,
1334 1186 1390 1266 qui

162 1293 385 1360 accusativum
414 1295 533 1360 Latine
564 1292 656 1359 flexit
686 1294 836 1377 Spartam
865 1293 900 1359 in
931 1293 1122 1360 Phoenissis
1150 1294 1211 1359 128
1243 1301 1276 1358 ct
1303 1294 1391 1375 Aga-

162 1421 330 1466 memnone
362 1403 435 1467 281.
489 1401 600 1467 Codex
632 1402 660 1466 Α
691 1401 821 1482 quidem
855 1407 992 1482 utroque
1022 1401 1095 1466 1666
1126 1400 1389 1466 tenninationem

160 1530 214 1575 -ea
238 1507 290 1575 vel
313 1531 375 1574 -em
399 1511 546 1590 praebet,
572 1510 629 1574 sed
652 1508 688 1573 in
709 1509 965 1590 Agamemnonis
989 1508 1106 1574 saltem
1130 1527 1226 1575 versu
1251 1506 1388 1572 16111611

161 1617 297 1698 Sparten
325 1614 415 1681 nullo
440 1622 536 1698 pacto
565 1615 715 1681 adhiberi
740 1635 835 1697 posse
859 1622 952 1697 puto,
987 1634 1058 1681 oum
1081 1636 1135 1681 me
1157 1615 1322 1696 particula
1346 1614 1391 1680 sit

160 1723 300 1790 adiecta.
347 1723 502 1788 Latinam
533 1742 631 1805 porro
666 1723 825 1788 rationem
858 1723 1018 1804 praetulit
1047 1723 1150 1790 Silius
1174 1722 1312 1787 Italicus
1343 1721 1390 1790 IV

161 1831 236 1910 365,
262 1830 318 1911 qui
342 1830 544 1896 nominativo
569 1838 668 1896 66161.

251 1939 320 2002 Iam
342 1957 381 2002 ea
397 1937 529 2002 nomina
551 1941 757 2020 enumerabo,
783 1956 919 2018 quorum
942 1937 1125 2004 accusativi
1150 1944 1186 2002 ut
1200 1937 1255 2002 hic
1270 1936 1390 2002 Latine

159 2044 230 2110 illic
255 2045 381 2112 Graece
411 2046 645 2127 formarentur,
677 2064 835 2126 nusquam
866 2044 967 2110 ullam
998 2063 1131 2110 causam
1162 2063 1265 2124 neque
1293 2042 1390 2109 metri

160 2171 264 2232 neque
289 2151 471 2232 euphoniae
496 2151 616 2217 iuveni.

252 2259 490 2326 Andromachae
529 2258 670 2324 nominis
705 2259 928 2340 accusativus,
971 2260 1056 2339 quod
1086 2257 1228 2324 Latinae
1264 2259 1389 2324 formae

162 2366 419 2432 ⁴lardromaolarm
449 2389 470 2432 a
500 2367 626 2432 vocalis
657 2372 708 2431 ter
738 2365 881 2448 repetita
910 2367 996 2432 male
1027 2371 1136 2446 sonat,
1168 2363 1309 2430 usitatus
1341 2370 1390 2430 est

159 2474 416 2555 Andromachen,
449 2494 542 2555 quem
571 2474 695 2539 Seneca
725 2493 851 2554 quoque
880 2474 913 2538 in
938 2474 1100 2540 Troadum
1132 2473 1263 2545 senario
1291 2491 1387 2538 versu

160 2581 227 2646 804
252 2586 377 2646 tutatus
402 2587 460 2646 est.
508 2580 630 2646 'lamen
660 2580 765 2646 eidem
794 2581 865 2646 loco
890 2599 1004 2647 versas
1029 2579 1172 2646 eiusdem
1196 2579 1388 2662 tragoediae

160 2687 405 2778 ardeatinam
432 2689 568 2753 formam
594 2689 846 2755 Andromacham
870 2689 1018 2754 inseruit.
1044 2763 1050 2774 ¹

250 2795 405 2860 Helermm
436 2795 573 2876 scripsit
608 2801 723 2861 auctor
751 2795 869 2861 iliadis
896 2796 1038 2862 Latinae
1074 2796 1108 2860 in
1142 2794 1293 2863 versibus
1323 2795 1388 2858 317

160 2903 292 2982 61343,
328 2921 522 2982 quamquam
558 2902 593 2966 in
628 2921 725 2967 versu
760 2903 825 2968 638
861 2902 1082 2969 nominativus
1118 2907 1227 2967 exstat
1261 2900 1386 2966 Heleae.

161 3011 324 3076 Graecum
348 3009 572 3074 accusativum
588 3009 763 3074 Petronius
787 3009 875 3075 solus
899 3010 1047 3076 servavit
1070 3010 1161 3089 isque
1185 3009 1219 3073 in
1243 3007 1389 3090 pedestri

159 3135 309 3184 sermone
348 3117 419 3197 138,
437 3117 467 3197 6,
485 3139 512 3184 4:
551 3124 578 3182 et
601 3117 740 3183 Helenen
768 3119 840 3182 haic
868 3119 1015 3183 dormseet
1042 3123 1069 3182 61
1097 3118 1186 3197 deas,
1223 3135 1285 3196 quo
1316 3116 1387 3181 loco

158 3225 346 3308 rhythmum
371 3226 530 3304 quendam
557 3224 706 3290 invenire
730 3245 793 3290 non
818 3244 959 3306 possum.

248 3332 343 3398 Idam
374 3331 597 3398 accusativum
628 3332 709 3397 16611
736 3332 903 3397 Martialis
928 3332 978 3397 IX
1006 3332 1076 3414 103,
1095 3334 1125 3412 7,
1157 3330 1211 3411 qui
1241 3330 1387 3396 nomina-

159 3439 229 3504 tivo
254 3457 379 3518 quoqne
395 3438 516 3503 Latine
540 3439 715 3504 1611111616
740 3458 817 3504 usus
842 3445 900 3504 est.
941 3438 1066 3505 Statius
1091 3445 1200 3504 autem
1225 3439 1386 3505 Graecam

158 3545 355 3612 nominativi
381 3548 529 3628 somnam,
556 3546 621 3612 nisi
641 3553 777 3611 metrum
802 3548 965 3628 obstabat,
991 3546 1157 3628 praetulit,
1183 3566 1245 3627 quo
1263 3545 1387 3611 factum

159 3660 223 3734 est,
259 3659 295 3718 111
330 3653 554 3718 accusativum
589 3653 771 3719 declinaret
806 3655 886 3719 Idea
917 3653 1030 3740 (Theb.
1053 3655 1100 3721 IV
1123 3655 1208 3737 104).
1255 3654 1295 3718 11
1325 3653 1388 3719 Sili

159 3759 272 3825 Italici
296 3779 392 3826 versu
415 3760 482 3826 VII
505 3761 570 3825 465
595 3761 784 3826 1611116116
809 3769 858 3826 661
882 3760 991 3827 dubia.

249 3866 413 3951 Nymphae
452 3867 593 3933 nominis
629 3874 662 3933 et
698 3867 935 3934 nominativum
971 3875 1005 3934 61
1039 3875 1165 3934 6616166
1196 3886 1292 3933 casus
1322 3885 1387 3933 non

159 3975 264 4040 solum
292 3974 431 4055 Statius,
465 3975 522 4040 sed
553 3975 652 4040 etiam
684 3975 785 4040 ceteri
813 3983 930 4058 poetae
954 3976 1073 4042 Latine
1101 3975 1275 4057 flexerunt,
1308 3994 1388 4055 qua-

159 4089 294 4164 propter
322 4081 438 4146 mirum
470 4101 534 4147 oon
564 4089 614 4148 est
637 4083 778 4149 Statium
803 4084 1027 4149 accusativum
1057 4083 1225 4166 nympham
1255 4081 1387 4148 flexisse

159 4189 273 4272 (Theb.
298 4189 345 4256 IV
363 4189 449 4272 720).
504 4189 669 4272 Nymphea
700 4197 808 4255 autem
839 4190 974 4273 scripsit
1006 4189 1221 4256 Gennanicus
1252 4188 1385 4274 (Phaon.

160 4296 248 4381 322),
275 4297 330 4377 qui
354 4297 455 4361 alium
480 4297 577 4362 huius
600 4297 742 4362 nominis
767 4316 877 4364 casum
900 4318 965 4362 non
989 4297 1148 4363 adhibuit.

249 4403 433 4484 Sequuntur
457 4405 588 4470 nomina
603 4405 703 4488 Libye
726 4413 758 4470 et
775 4404 980 4487 Andromede,
1005 4424 1139 4485 quorum
1164 4403 1386 4470 nominativus

158 4509 257 4575 metri
286 4530 387 4576 causa
418 4531 546 4593 semper
576 4518 626 4579 est
656 4511 783 4578 Graece
817 4511 1025 4594 terminatus,
1059 4511 1268 4578 accusativus
1299 4511 1386 4577 inter

159 4617 314 4684 Latinam
339 4625 372 4684 et
388 4620 548 4686 Graecam
572 4619 744 4685 flexionem
768 4620 914 4686 fluctuat.
961 4619 1016 4686 Sic
1040 4619 1075 4685 in
1094 4619 1212 4685 Manili
1238 4620 1386 4686 versibus
