3452 5316
754 417 797 484 35

251 633 304 698 Ex
333 632 386 699 his
414 632 522 698 tribns
550 631 690 714 primum
719 633 826 699 locum
850 634 1099 717 expungendum
1127 641 1317 718 essequo,
1349 637 1390 702 de

164 759 321 822 quocum
345 739 522 806 Proderico
546 739 646 806 Iacob
671 758 797 822 censeo,
822 740 878 822 qui
903 741 1076 808 adnotavit
1086 740 1124 827 ²):
1157 747 1265 826 ,11111
1288 743 1389 809 Bent

163 848 247 914 leius
277 847 461 929 damnavit,
493 865 569 913 nam
600 853 634 912 et
660 850 806 914 barbara
833 853 910 914 sunt
940 853 973 913 et
1000 843 1151 929 sequitur
1173 847 1313 916 Perseus
1341 869 1389 917 vs.

163 955 237 1020 358.
284 953 409 1020 Addita
432 960 542 1020 antem
570 973 590 1020 a
613 953 764 1020 librariis
795 955 865 1021 eius
889 955 1105 1038 astrothesia,
1136 956 1214 1037 quia
1237 973 1389 1023 versuum

163 1063 242 1128 ordo
280 1061 366 1128 male
404 1066 549 1128 mutatus
586 1062 742 1127 Perseum
781 1080 908 1143 quoque
948 1062 1147 1145 eripuerat“.
1208 1062 1389 1129 Praeterea

162 1169 390 1254 monosyllaba
417 1168 644 1251 pronuntiatio
669 1167 914 1235 terminationis
938 1191 1019 1252 -eus,
1049 1189 1146 1251 quam
1168 1175 1293 1237 rectam
1317 1190 1389 1238 esse

161 1295 236 1343 mox
252 1276 490 1358 intellegemus
507 1294 638 1344 versum
654 1277 806 1343 redderet
821 1276 1042 1360 spondiaoum,
1060 1296 1154 1359 quem
1170 1283 1289 1360 poetae
1304 1297 1389 1345 sem-

160 1389 324 1466 percerte
342 1383 480 1450 consilio
501 1383 636 1449 artificii
657 1389 690 1450 et
706 1384 919 1466 expolitionis
936 1384 1088 1451 commoti
1104 1404 1249 1469 pangere
1270 1385 1387 1454 solent.

250 1491 400 1573 Reliquis
432 1495 540 1556 autem
564 1493 689 1558 duobus
720 1490 803 1558 locis
826 1513 896 1559 ·eus
924 1511 984 1574 pro
1014 1512 1079 1558 una
1107 1492 1239 1577 syllaba
1266 1494 1389 1560 haben-

161 1600 237 1665 dum
270 1617 340 1666 esse
364 1599 589 1665 demonstrant
618 1616 691 1664 oum
715 1604 825 1665 cetera
852 1599 1000 1682 nomina,
1032 1619 1168 1681 quornm
1197 1600 1387 1668 terminatio

160 1713 219 1773 ant
240 1706 276 1772 in
292 1705 361 1772 arsi
376 1705 487 1788 posita
511 1712 576 1772 est:
612 1703 749 1790 Cepheus
772 1706 881 1784 1354,
899 1709 929 1773 V
945 1707 1019 1786 450,
1034 1707 1099 1773 470
1130 1707 1254 1775 Nereus
1276 1709 1306 1776 V
1325 1708 1388 1774 196

160 1814 347 1880 Salmoneus
370 1815 457 1881 Ver
491 1820 548 1879 aut
575 1812 726 1878 ultimam
749 1831 863 1880 versus
894 1813 1058 1898 syllabam
1088 1813 1215 1896 explet:
1250 1813 1389 1898 Cepheus

160 1923 189 1989 V
208 1922 251 1987 23
284 1919 426 2004 Orpheum
449 1919 465 1986 Ι
490 1921 564 2000 325,
588 1921 700 1988 7327
734 1919 901 2004 Typhoeus
924 1920 959 1986 ΙΙ
976 1922 1051 2002 870,
1076 1927 1145 1987 tum
1169 1941 1286 1988 nomen
1309 1922 1388 1989 Per-

159 2049 233 2095 seus
257 2027 373 2110 ipsum,
404 2027 497 2094 cuius
520 2027 710 2094 terminatio
735 2028 841 2094 tribus
864 2028 946 2094 locis
976 2028 1006 2114 (Ι
1030 2029 1108 2120 358,
1130 2029 1227 2112 722,
1246 2027 1324 2116 613)
1353 2029 1389 2096 in

160 2135 231 2202 arsi
254 2134 417 2201 collocata
441 2140 499 2201 est.
546 2134 660 2216 Neque
683 2135 857 2216 quicquam
882 2135 1082 2201 offendemus
1113 2135 1148 2200 in
1171 2155 1250 2202 rara
1272 2155 1388 2204 versus

159 2248 343 2320 structura,
378 2261 462 2323 quae
497 2240 657 2324 efficitur,
693 2241 722 2308 si
753 2243 883 2308 nomine
915 2241 1053 2308 Persem
1085 2243 1211 2308 duabus
1246 2242 1387 2327 syllabis

158 2349 373 2433 pronuntiato
409 2349 572 2431 spondeus
606 2349 747 2430 primum
782 2367 935 2415 versuum
969 2349 1088 2416 vtes
1119 2355 1152 2414 et
1180 2349 1244 2415 601
1280 2350 1386 2416 locum

159 2463 300 2539 occupat
328 2475 463 2538 eumque
486 2457 547 2522 alii
570 2456 707 2539 spondei
738 2461 938 2537 sequuntur„
973 2455 1059 2522 Nam
1083 2475 1279 2537 quamquam
1303 2457 1387 2523 tales

158 2584 275 2633 versus
298 2564 369 2631 rari
392 2570 477 2646 sunt,
502 2570 611 2629 tamen
635 2564 671 2628 in
693 2563 811 2644 primis
827 2563 985 2630 trecentis
1008 2563 1107 2645 primi
1130 2563 1211 2629 libri
1235 2565 1386 2631 versibus

158 2672 219 2739 hos
243 2678 311 2737 tres
334 2671 461 2738 inveni:

292 2779 372 2845 140:
411 2779 504 2846 Ultra
527 2800 560 2844 se
583 2779 760 2862 quiequam,
786 2798 856 2844 oum
874 2799 933 2861 per
955 2799 989 2845 se
1012 2786 1123 2845 musta
1146 2781 1281 2846 creariut

291 2887 370 2952 173;
408 2886 530 2968 Quodsi
554 2885 667 2952 librato
685 2886 832 2968 perederet
850 2886 989 2968 pouclere
1011 2885 1101 2952 tellus

289 2994 370 3059 275:
403 2993 503 3076 Atqui
518 2993 676 3077 fulyentis
700 2993 784 3059 caclo
807 3013 876 3059 euru
900 2994 1006 3077 sumpts
1029 2995 1073 3059 cd
1095 2993 1219 3060 Arctos.

248 3109 373 3175 Eadem
404 3108 555 3193 syllabae
578 3130 648 3175 -eus
676 3108 903 3191 pronuntiatio
927 3114 1030 3175 metro
1054 3109 1242 3192 postulatur
1271 3109 1385 3176 Pria-

155 3234 315 3298 peorum
338 3234 453 3283 versus
477 3215 660 3282 hexametri
683 3217 736 3298 80,
754 3216 791 3282 5:

372 3325 481 3390 utilior
505 3324 632 3408 Tydeus
655 3325 719 3408 qui,
748 3326 778 3390 se'
800 3325 878 3407 quid
900 3325 1000 3391 credis
1023 3323 1171 3405 Homero,

157 3438 191 3498 11
214 3430 484 3515 hendecasyllabi
508 3430 577 3498 XII
601 3433 638 3496 4:

373 3537 510 3605 lluseus
532 3540 667 3622 repperit
689 3540 725 3604 iu
746 3560 820 3623 royc
843 3541 992 3606 lucentem
1002 3537 1037 3624 ²).

248 3654 505 3722 Germanicus
534 3655 568 3720 in
591 3655 831 3722 Phaenomenis
860 3655 909 3722 ita
932 3675 1010 3722 usus
1034 3661 1085 3721 est
1112 3655 1164 3722 his
1187 3643 1399 3740 nominibus,¹

154 3768 193 3828 ut
217 3761 349 3846 syllaba
371 3783 442 3828 eus
464 3762 530 3829 nisi
553 3781 613 3845 per
628 3762 844 3846 dipthongnm
868 3761 1034 3829 enuntiari
1057 3783 1123 3829 non
1145 3763 1260 3846 possit.
1299 3763 1384 3830 Nam

153 3869 324 3936 nominum
356 3867 494 3952 Cepheus
524 3876 557 3935 et
587 3869 724 3937 Perseus
757 3875 885 3956 partem
915 3869 1131 3953 posteriorem
1162 3876 1220 3937 aut
1250 3870 1286 3936 in
1315 3871 1385 3937 arsi

154 3977 312 4064 (Cepheus
335 3977 400 4042 643
428 3977 564 4044 Perseus
587 3977 665 4064 685)
696 3978 812 4044 autin
835 3978 901 4043 fine
923 3997 1039 4044 versus
1067 3977 1251 4044 hexametri
1273 3977 1386 4060 posuit

154 4083 313 4172 (Cepheus
338 4085 411 4165 184,
429 4085 504 4169 314,
521 4085 587 4152 680
619 4085 755 4152 Perseus
780 4085 867 4172 707).

247 4209 361 4291 Neque
384 4209 486 4277 aliam
509 4209 672 4279 rationem
701 4210 779 4276 iniit
800 4209 1002 4276 Phaedrus
1029 4209 1065 4275 in
1088 4209 1229 4276 senariis
1254 4208 1384 4276 fabula

152 4336 239 4384 rum
286 4317 566 4385 Perminationem
595 4318 681 4385 enim
711 4317 852 4385 nominis
881 4318 1057 4386 Promethei
1084 4336 1214 4400 semper
1240 4317 1275 4382 in
1298 4317 1385 4384 thesi

249 4533 269 4604 ¹)
288 4533 363 4590 Edit.
383 4549 408 4602 p.
423 4534 465 4589 18.

247 4623 268 4694 1)
288 4623 379 4692 Birt,
399 4623 468 4681 llus.
482 4623 568 4680 Rhen.
590 4623 641 4678 LII
660 4623 751 4692 Suppl.
771 4640 795 4692 p.
812 4625 852 4678 11.
