3462 5312
627 523 656 530 ὰ
701 433 836 530 Q..-

117 645 185 711 XII
212 645 281 728 15),
313 645 367 726 qui
392 645 512 710 Latine
537 644 720 710 declinatus
744 645 922 727 Epicurum
952 664 1016 710 non
1044 645 1148 736 solum
1178 645 1346 711 iuvenitur

115 753 150 818 in
173 752 309 819 Petroni
338 771 437 835 prosa
461 753 610 818 oratione
637 753 709 834 104,
727 754 757 834 3,
774 783 798 833 ι,
830 754 887 818 sed
918 752 1016 818 etiam
1046 754 1131 834 apud
1156 753 1345 818 Iuvenalem

116 860 203 926 XIII
229 861 302 925 122.

205 968 310 1033 Notou
340 987 466 1049 quoque
498 967 707 1033 accusativus
739 967 886 1033 Graecus
918 966 1068 1032 omnibus
1098 967 1194 1048 locis,
1226 965 1344 1047 quibus

116 1075 294 1156 invenitur,
318 1082 422 1140 metro
447 1073 634 1156 postulatur
657 1075 748 1156 (Luc.
768 1074 795 1136 V
813 1074 887 1155 542,
912 1073 978 1141 VII
1001 1075 1076 1155 364,
1102 1073 1152 1138 ΙΧ
1176 1073 1250 1156 539,
1268 1075 1343 1156 695,

114 1183 147 1248 X
165 1182 253 1267 243).
301 1182 459 1248 Omnibus
483 1181 602 1246 ceteris
626 1181 708 1246 leals
733 1186 842 1246 exstat
864 1189 970 1246 notum
994 1182 1081 1262 apud
1104 1181 1273 1246 Lucanum
1297 1180 1345 1266 (II

114 1290 190 1371 460,
216 1290 245 1355 V
261 1290 336 1370 609,
361 1290 408 1356 VI
425 1289 503 1374 294)
527 1288 739 1370 Calpurnium
765 1289 793 1374 (Ι
811 1289 866 1374 74)
890 1288 1031 1354 Statium
1052 1287 1146 1371 (Silv.
1164 1288 1217 1354 ΙΙΙ
1234 1290 1263 1370 2,
1277 1287 1343 1374 45).

205 1405 330 1470 Eodem
346 1405 536 1471 discrimine
560 1411 735 1487 separatur
751 1403 873 1472 Latina
898 1406 1004 1472 forma
1029 1405 1202 1472 Tartarum
1219 1404 1343 1490 (Senec.

113 1514 200 1578 Med.
218 1514 284 1579 632
307 1513 427 1578 Phoen.
449 1513 524 1598 145)
560 1533 580 1578 0
614 1513 744 1580 Graeca
781 1514 941 1579 Tartaron
976 1511 1230 1597 (Μο011.ΙΙ46
1260 1512 1342 1580 Stat.

114 1620 197 1687 Silv.
222 1620 257 1685 ΙΙ
281 1620 417 1704 7,117).
923 1633 926 1644 ·

205 1727 365 1793 Similiter
394 1727 569 1793 Petronius
600 1727 635 1793 in
667 1727 813 1809 pedestri
846 1746 994 1793 sermone
1025 1731 1160 1809 praeter
1190 1726 1346 1792 Latinum

114 1834 340 1902 accusativum
364 1835 557 1918 Eumolpum
592 1835 755 1901 Graecum
779 1835 955 1917 Eumolpon
986 1834 1175 1900 adhibuisse
1204 1834 1345 1916 videtur,

113 1951 151 2007 ut
186 1942 352 2009 clausulas
387 1942 591 2026 rhythmicas
626 1943 786 2008 redderet.
846 1943 947 2027 Quem
986 1943 1020 2007 in
1055 1941 1152 2008 finem
1192 1942 1346 2008 conseras

117 2051 191 2132 102,
210 2051 240 2132 2,
259 2073 285 2119 1:
317 2053 352 2116 in
373 2051 430 2116 600
448 2050 657 2134 parantum)
681 2050 856 2133 Eanrolpo'n
880 2056 1012 2116 arcesso.

206 2158 310 2242 Quam
335 2158 534 2224 Graecorum
566 2157 784 2224 imitationem
813 2177 850 2223 eo
879 2157 987 2239 magis
1014 2156 1130 2239 miror,
1162 2158 1248 2237 quod
1278 2155 1344 2222 alio

113 2266 187 2331 loco
222 2265 373 2347 70‚13,2
408 2264 494 2330 dixit
523 2265 699 2348 Ephesum,
736 2283 929 2346 quamquam
966 2264 1063 2330 huius
1097 2263 1239 2329 nominis
1269 2281 1346 2344 gee-

113 2372 268 2456 graphici
301 2378 334 2436 et
364 2371 586 2438 nominativus
620 2379 652 2437 et
685 2372 893 2439 accusativus
923 2372 1050 2439 Graece
1083 2370 1174 2436 exire
1206 2371 1344 2452 solebat,

113 2480 203 2545 sicut
225 2479 312 2561 apud
336 2479 504 2545 Lucanum
527 2479 611 2545 VIII
636 2480 700 2544 244
723 2479 863 2561 legimus
887 2479 1043 2562 Epheson.

205 2594 360 2660 Latina-m
401 2595 538 2660 formam
583 2614 711 2677 semper
749 2598 887 2677 praebet
925 2593 1135 2661 accusativus
1177 2590 1346 2677 Olympum

113 2703 203 2784 apud
226 2701 393 2767 Lucanum
419 2700 480 2786 (IV
496 2703 588 2786 639),
619 2708 785 2768 auctorem
809 2702 935 2768 Laudis
958 2701 1091 2768 Pisonis
1115 2700 1222 2787 (231),
1245 2701 1345 2768 Vale-

112 2809 201 2876 rium
220 2809 375 2875 Flaccum
401 2809 431 2894 (I
455 2808 520 2894 25),
545 2807 663 2876 Silium
687 2808 841 2875 Italicum
865 2809 930 2895 (III
952 2809 1027 2892 671,
1052 2808 1103 2873 ΧΙ
1125 2809 1204 2894 457)
1228 2807 1347 2873 Iliadis

114 2915 258 2982 Latinae
282 2922 447 2982 auctorem
476 2915 582 3002 (863),
617 2916 757 2982 Statium
786 2915 1096 3002 (3110111266).
1153 2915 1277 2981 Tamen
1311 2915 1346 2980 in

114 3023 309 3090 Germanici·
335 3022 521 3104 fragmento
545 3023 592 3091 IV
610 3024 674 3088 132
704 3022 847 3089 fortasse
876 3043 948 3088 cum
980 3021 1156 3106 Breysigio
1191 3019 1346 3106 Olympon

113 3131 323 3196 scribendum
347 3138 406 3212 est,
432 3131 517 3211 quod
541 3131 669 3197 codices
700 3131 764 3213 ipsi
788 3133 929 3214 probare
952 3130 1108 3198 videntur
1131 3132 1343 3211 praebentes:

113 3239 303 3322 olympcmo
335 3237 457 3321 olympo
482 3237 625 3304 AMA*S
653 3239 857 3322 olp(i)mpum
881 3239 938 3317 Ρς.
986 3238 1164 3303 Praeterea
1188 3242 1287 3319 poeta
1309 3235 1345 3301 in

114 3365 231 3413 Versu*
437 3402 597 3473 maguum
623 3387 818 3464 perrumpet
849 3378 1010 3466 oupupou

116 3506 261 3572 fortasse
284 3505 447 3590 syllabam
471 3528 540 3572 -um
568 3505 717 3572 crebrius
744 3505 920 3588 repetitam
949 3505 1057 3571 vitare
1080 3504 1195 3571 voluit.
1243 3505 1346 3572 Acce·

114 3615 175 3696 dit,
200 3614 286 3694 quod
309 3633 410 3696 supra
433 3613 576 3680 diximus
600 3615 639 3679 de
662 3612 880 3680 similitudine
903 3635 923 3697 p
948 3612 1074 3679 vocalis
1099 3631 1170 3678 cum
1194 3634 1225 3676 u.

206 3730 388 3796 Nonnullos
411 3749 538 3812 quoque
566 3729 750 3796 invenimus
779 3730 881 3812 locos,
916 3729 1034 3811 quibus
1062 3728 1219 3811 analogia
1247 3747 1346 3809 quae-

115 3840 192 3905 dam
216 3837 415 3904 terminandi
437 3837 598 3903 rationem
615 3836 833 3904 destinavisse
849 3837 990 3903 videtur.
1030 3836 1168 3902 Praeter
1184 3836 1345 3902 Graecam

116 3946 204 4012 enim
233 3944 373 4012 formam
399 3943 568 4012 Commium
597 3945 809 4030 (Statulae.
835 3945 937 4010 1334
968 3944 1064 4010 Mart.
1090 3943 1287 4026 1115911,
1313 3942 1346 4008 X

116 4054 229 4136 68,11
262 4052 332 4118 100.
350 4051 433 4121 VIII
460 4053 534 4138 113)
559 4053 681 4118 Latina
706 4058 815 4118 exstat
840 4051 1025 4119 Curiatium
1048 4070 1114 4116 uon
1129 4049 1234 4116 solum
1257 4051 1345 4141 ¹apud

115 4158 308 4226 Petronium
342 4158 376 4224 in
409 4160 554 4241 pedestri
584 4178 733 4224 sermone
763 4159 816 4239 50,
838 4159 869 4240 4,
886 4188 911 4239 a,
944 4158 1002 4224 sed
1033 4156 1133 4222 etiam
1165 4155 1200 4222 in
1228 4155 1347 4222 Manili

116 4285 215 4334 versu
238 4266 285 4333 IV
302 4267 383 4331 611:

292 4383 460 4467 Illyricum
483 4385 679 4466 Epir-umque
703 4383 788 4450 mou
812 4383 992 4463 claramque
1017 4379 1211 4461 Corinthum,

117 4509 174 4575 ubi
196 4509 259 4575 duo
282 4507 416 4574 nomina
440 4508 473 4574 iu
497 4531 566 4574 -um
590 4507 754 4590 exeuntia,
779 4525 863 4588 quae
879 4507 1084 4588 antecedunt,
1112 4503 1264 4587 Corinthi,
1289 4503 1345 4584 qui

117 4614 275 4697 sequitur,
300 4615 524 4683 accusativum
548 4615 583 4680 in
607 4635 698 4681 suam
725 4616 863 4681 formam
887 4613 1053 4696 redegisse
1077 4613 1239 4680 videntur.
