3522 5310
783 307 912 376 71‘

229 519 398 605 μελανδρίῳ
434 513 552 577 faveat.
600 509 644 574 At
677 508 895 574 Menandrum
931 508 1103 586 comicum,
1140 503 1196 591 qui
1230 527 1258 568 a.
1296 500 1397 587 notu

229 631 377 686 mortuus
401 629 462 702 est,
485 617 615 685 illorum
638 619 781 681 virorum
806 613 976 700 aequalem
1002 614 1163 678 nominari
1187 633 1285 698 posse
1313 618 1402 674 reete

229 728 400 814 perspexit
437 725 579 791 Wulfius
619 748 649 811 p.
689 724 731 788 22
771 752 805 778 =
846 722 909 786 184
968 719 1096 802 Quodsi
1119 719 1252 783 Maassii
1292 726 1402 781 notam

224 835 362 919 proinde
388 835 597 916 menifestum
624 853 688 897 nou
715 831 806 896 modo
831 850 967 910 ueneror,
990 829 1044 893 sed
1067 829 1251 910 quibuscum
1275 845 1402 890 concuc-

232 943 372 1009 tudinem
399 941 522 1006 Aratus
550 941 693 1006 hohuerit
721 941 785 1004 siue
814 939 850 1002 iu
880 935 924 1004 Oe
952 936 1060 1001 insula
1089 937 1154 1000 siue
1181 933 1317 998 Atlreua’s
1350 953 1404 998 sere

230 1051 317 1130 alibi,
347 1051 501 1114 recenseri
535 1045 652 1133 probat
688 1056 720 1110 et
754 1045 794 1109 ob
831 1044 915 1108 hanc
951 1065 1082 1108 causam
1107 1046 1281 1133 Μαιανδρίῳ
1315 1039 1402 1124 legit,

231 1157 301 1242 ipse
331 1165 427 1221 errat.
472 1154 587 1239 Neque
617 1155 703 1218 enim
733 1153 908 1238 quiequam
934 1148 1182 1215 consuetudinis
1206 1146 1333 1212 illorum
1371 1148 1403 1210 in

229 1285 312 1328 voce
347 1270 521 1354 σονήκρασε
554 1263 641 1325 inest
675 1281 782 1344 neque
818 1258 968 1323 codicum
1005 1258 1165 1342 scriptura
1196 1255 1403 1320 coniecturae

231 1375 405 1462 Μαιανδρίῳ
427 1367 526 1434 favet.
567 1368 642 1432 Mea
666 1366 795 1454 quidem
822 1368 983 1430 sententia
1006 1370 1169 1456 Μενάνδρῳ
1193 1360 1401 1428 scribendum

231 1485 290 1542 est.
338 1477 417 1542 Utut
444 1499 499 1541 res
530 1499 565 1540 se
597 1475 706 1556 habet,
742 1473 965 1538 Maeandrium
989 1470 1154 1536 Milesium
1179 1470 1221 1535 ab
1245 1469 1308 1534 hoo
1332 1469 1403 1534 loco

230 1583 371 1649 alienum
396 1606 471 1648 esse
494 1583 677 1648 iudicemus
701 1604 839 1656 necesse
864 1590 923 1645 est.

322 1689 543 1758 Callimachus
564 1691 598 1755 in
621 1688 733 1754 fabula
755 1689 796 1753 de
814 1699 941 1775 septem
958 1676 1162 1774 sapientibus
1179 1683 1403 1750 Maeandrium

232 1807 365 1863 secutus
397 1807 462 1880 est3
501 1799 535 1861 in
569 1794 704 1861 scholiis
744 1795 784 1860 ad
826 1793 1036 1881 Apollonium
1076 1791 1238 1857 Rhodium
1270 1790 1304 1854 ΙΙ
1339 1791 1404 1856 706

229 1911 384 1996 Λέανδρος
406 1912 458 1973 καὶ
480 1909 682 1997 Καλλίμαχος
704 1905 821 1968 iterum
845 1903 1042 1966 coniunctim
1066 1901 1285 1978 nominantur,
1316 1897 1403 1963 unde

231 2011 429 2096 intellegitur
464 2009 700 2075 Callimachum
736 2008 798 2084 hic,
836 2009 995 2073 elnone
1019 2004 1209 2086 Maeandrio
1248 2007 1403 2082 hauserit,

230 2129 338 2183 tamen
362 2117 404 2183 ab
429 2139 467 2183 eo
484 2141 550 2182 non
568 2118 700 2182 diversa
715 2138 877 2181 narrasse.
911 2115 1060 2201 Diogene
1078 2114 1208 2178 Laertio
1228 2113 1301 2179 141
1321 2122 1404 2179 teate

231 2226 273 2313 (p.
292 2225 349 2310 65)
366 2224 577 2290 Maeandrius
594 2247 652 2311 pro
671 2222 828 2290 Cleobule
847 2233 879 2286 et
894 2221 1033 2310 Mysone
1049 2225 1234 2314 Λεώφαντον
1249 2227 1406 2312 Γοργιάδα

232 2345 263 2398 et
287 2332 513 2420 Epimenidem
538 2335 623 2398 inter
646 2342 772 2418 septem
798 2333 963 2420 sapientes
992 2329 1124 2395 rettulit.
1171 2328 1403 2415 Epimenidem

232 2443 328 2505 etiam
368 2439 505 2526 catalogi
542 2440 715 2526 Hermippi
753 2451 784 2505 et
807 2437 988 2524 Hippoboti
1025 2436 1193 2524 praebent,
1233 2437 1288 2522 qni
1328 2434 1405 2500 alibi

231 2570 362 2636 quoque
384 2551 418 2613 in
442 2557 566 2634 septem
592 2550 788 2634 sapientium
812 2572 949 2615 numero
973 2550 1138 2614 invenitur
1166 2569 1194 2612 e.
1226 2570 1257 2633 g.
1305 2545 1402 2628 Diog.

234 2657 341 2723 Laert.
377 2655 393 2720 Ι
431 2658 483 2736 13,
519 2656 621 2722 Olem.
657 2655 751 2721 Alex.
791 2655 950 2721 Strom.I
983 2679 1014 2742 p.
1051 2655 1171 2738 129,13
1214 2652 1303 2740 Sylb.
1338 2650 1404 2718 Sed

232 2763 459 2850 Leophantum
485 2774 623 2850 excepto
656 2765 829 2850 Hermippi
864 2763 1012 2848 catalogo
1037 2763 1148 2847 (Diog.
1178 2762 1285 2826 Laert.
1308 2760 1325 2824 I
1348 2759 1406 2837 42)

233 2873 287 2958 qui
324 2893 398 2936 eum
435 2909 477 2918 -
513 2881 691 2936 memoratu
727 2871 861 2956 dignum
899 2881 950 2935 est
987 2908 1024 2918 -
1063 2872 1153 2934 iuxta
1175 2866 1406 2954 Epimenidem

232 2979 378 3043 nominat
414 2989 446 3043 et
476 2979 520 3043 ita
554 2979 694 3044 fortasse
723 2978 765 3042 ad
794 2977 973 3043 Maeandrii
1009 2979 1232 3043 auctoritatem
1269 2982 1405 3060 spectat,

232 3105 394 3171 nusquam
418 3083 494 3149 alibi
518 3087 712 3151 invenimus.
746 3084 927 3170 Leophanti
951 3085 1117 3167 memoria,
1142 3085 1212 3148 sive
1229 3085 1262 3147 in
1279 3091 1406 3168 septem

233 3193 430 3276 sapientium
476 3213 645 3256 numerum
696 3192 818 3256 relatus
867 3193 938 3257 sive
977 3191 1040 3257 hoe
1080 3191 1203 3257 honore
1248 3190 1404 3274 indignus

233 3297 394 3362 iudicatus
431 3310 489 3370 est,
526 3301 655 3363 omnino
690 3323 710 3363 a
743 3301 885 3384 posteris
921 3298 1105 3364 oblitterata
1141 3299 1282 3363 evanuit.
1342 3294 1407 3362 Ubi

233 3414 341 3469 autem
363 3402 543 3470 litterarum
567 3416 777 3470 monumenta
801 3404 910 3492 colligi
926 3415 959 3469 et
981 3407 1171 3492 percenseri
1188 3415 1304 3491 coepta
1321 3413 1406 3486 sunt,

232 3511 443 3598 Leophantus
490 3512 530 3577 ab
570 3511 733 3577 oblivione
780 3512 964 3577 vindicatus
1004 3522 1063 3576 est.
1126 3511 1255 3594 Quibus
1295 3511 1405 3574 causis

234 3631 416 3684 commotus
441 3617 665 3685 Maeandrium
690 3621 769 3684 satis
786 3621 954 3706 antiquum
971 3621 1164 3706 scriptorem
1182 3641 1257 3683 esse
1274 3639 1405 3696 censeo,

234 3728 289 3812 qui
326 3725 387 3791 sub
412 3728 539 3791 initium
575 3727 698 3792 saeculi
725 3731 830 3815 quarti
859 3727 998 3811 fuerit1).
1056 3727 1187 3813 Roeper
1211 3725 1230 3791 l.
1254 3725 1274 3790 l.
1300 3749 1331 3812 p,
1364 3724 1406 3790 29

234 3835 422 3920 suspicatus
474 3842 525 3898 est
577 3833 666 3899 illum
714 3836 778 3899 iam
826 3837 937 3922 quinto
985 3832 1118 3899 saeculo
1174 3854 1256 3920 opus
1311 3853 1405 3897 suum

234 3943 474 4026 conscripsisse
498 3951 531 4004 et
554 3941 716 4006 Herodoti
740 3951 772 4006 et
795 3942 974 4007 Democriti
1000 3940 1170 4028 aequalem
1187 3940 1299 4005 fuisse.
1341 3938 1407 4003 Sed

234 4059 428 4134 argumenta
451 4052 522 4114 eius
546 4049 760 4138 improbanda
785 4061 869 4133 sunt,
896 4049 1020 4114 scilicet
1044 4049 1131 4136 quod
1156 4047 1365 4113 Maeandrius
1390 4069 1408 4110 e

307 4227 328 4293 ¹)
348 4225 389 4308 Oi.
410 4225 541 4280 Hicksius
559 4225 577 4278 l.
597 4227 614 4279 l.
634 4245 652 4295 p
680 4227 698 4280 3
716 4227 790 4280 adn:
810 4227 864 4281 Ηὶο
877 4227 938 4280 date
955 4227 980 4280 ia
994 4226 1124 4289 doubtful,
1138 4227 1185 4279 but
1197 4225 1230 4278 he
1241 4226 1267 4279 ia
1274 4223 1409 4292 probably

234 4322 283 4369 net
301 4317 399 4370 earlier
416 4318 484 4371 than
497 4316 652 4370 Alexander
670 4317 776 4386 pariter
795 4319 880 4385 atque
894 4316 1033 4370 Susamihl
1046 4317 1063 4369 l.
1076 4317 1094 4370 l.
1109 4316 1122 4370 Ι
1137 4314 1189 4368 532
1203 4315 1266 4368 adn.
1280 4314 1310 4367 2:
1334 4313 1409 4367 Duas

233 4407 318 4460 achon
335 4423 387 4460 aua
405 4407 495 4461 dienen
515 4413 562 4473 (ac.
587 4405 684 4460 Zeitan
714 4407 887 4462 Alexanders
916 4407 943 4460 d.
964 4407 1095 4474 Grossen)
1124 4405 1167 4460 die
1195 4403 1336 4473 Μεγαρικά
1364 4402 1409 4456 dea

234 4495 403 4550 Dieucbidaa
419 4503 557 4560 atomum,
577 4497 644 4566 ruet
669 4495 851 4562 Witcmowa'ta,
872 4496 950 4550 Hom.
975 4495 1130 4550 Ueteraucb.
1150 4512 1181 4563 p.
1200 4497 1259 4549 240
1281 4511 1329 4561 aq..
1351 4492 1409 4545 und

235 4585 280 4639 eiu
300 4584 421 4640 macha
437 4585 488 4656 qut
506 4587 576 4640 wohl
593 4587 664 4640 auch
681 4603 734 4640 oon
753 4585 803 4639 den
822 4584 975 4652 Μιλησιακά
995 4587 1041 4640 dee
1060 4585 1242 4640 Mutuom-ios.
