3442 5324
879 399 1088 499 ...12-

369 608 432 675 toti
455 609 574 692 populo
599 610 745 677 nuntiari
770 612 897 695 debeat,
923 613 981 680 vix
1002 612 1150 680 dubitari
1172 615 1296 698 poterit
1319 616 1398 696 quin
1413 617 1593 702 Aeschylus

370 735 442 782 cum
465 717 550 783 hanc
566 721 782 800 componebat
805 718 940 786 fabulae
960 729 1099 804 partem,
1124 723 1164 788 de
1189 722 1298 808 ioro¹l
1321 723 1376 790 vel
1399 724 1502 790 simili
1525 726 1593 792 loco

368 823 501 904 publico
526 825 770 912 cogitaveritl).
799 855 800 858 ¹

457 931 609 998 Sericum
632 939 836 1015 spectatores
851 934 917 1000 nisi
941 954 1001 1018 per
1015 936 1164 1003 nuntium
1189 938 1341 1004 derebus
1366 945 1461 1005 extra
1483 943 1593 1008 urbem

367 1038 471 1119 gestis
495 1040 652 1106 certiores
680 1040 755 1106 fieri
778 1060 842 1107 non
865 1044 1007 1126 possint,
1039 1043 1096 1110 ille
1120 1063 1193 1111 eum
1216 1045 1250 1110 in
1274 1046 1381 1112 locum
1404 1047 1516 1128 prodit
1539 1049 1592 1128 qui
1699 1125 1700 1128 Ἴ

369 1146 456 1212 forte
481 1165 601 1214 scaena
624 1153 675 1214 est
697 1149 1010 1236 repraesentatum).

455 1254 569 1336 Neque
592 1254 844 1338 Ohoephoroe
869 1257 985 1324 fabula
1008 1261 1049 1324 ab
1073 1260 1137 1325 hac
1158 1260 1288 1326 ratione
1313 1261 1496 1344 discrepat:

456 1363 658 1446 Quamquam
705 1363 792 1430 enim
838 1384 879 1430 ex
924 1366 1035 1433 verbis
1081 1367 1339 1450 Clytaemestrae
1385 1367 1591 1453 (Agamemn.

367 1471 628 1557 v.1553-54):

847 1559 1093 1651 καταθάψομεν

634 1663 781 1748 013χύπό
806 1669 988 1753 κλαυθμῶν
1010 1673 1075 1737 τῶν
1099 1670 1135 1754 ἐξ
1158 1673 1256 1737 οἴκων
1282 1725 1288 1738 .
1315 1725 1321 1738 .
1349 1725 1354 1738 .

332 1875 335 1879 .
367 1799 399 1858 et
421 1791 577 1859 Electrae
601 1792 756 1878 (Ohoeph.
782 1795 950 1881 430-33)

634 1917 747 1995 δαΐαις
770 1917 804 1984 ἐν
828 1919 986 2009 ἐκφοραῖς

634 2022 712 2092 ἄνευ
735 2027 875 2094 πολιτᾶν
899 2024 1019 2107 ἄνακτ’,

633 2129 710 2199 ἄνευ
735 2133 772 2200 δὲ
795 2134 1020 2224 πενθημάτων

633 2237 729 2317 ἔτλας
752 2238 956 2326 ἀνοίμωκτον
978 2240 1084 2333 ἄνδρα
1109 2241 1225 2332 θάψαι

365 2365 621 2432 concludendum
645 2373 695 2432 est
711 2367 987 2450 Agamemnonem
1011 2369 1122 2451 aliquo
1144 2371 1272 2436 deserto
1296 2371 1368 2436 loco
1377 2368 1403 2455 ⁴)
1428 2369 1586 2452 sepultum

365 2492 447 2555 esse,
471 2473 655 2557 Aeschylus
679 2476 777 2539 rebus
798 2476 959 2542 scaenicis
983 2478 1099 2543 ductus
1115 2477 1298 2560 sepulcrum
1322 2480 1382 2544 sub
1399 2477 1473 2560 ipsa
1496 2478 1586 2560 regia

363 2579 474 2662 posuit
490 2579 546 2666 (cf.
563 2599 595 2662 p.
609 2580 673 2666 13).
706 2581 819 2662 Neque
835 2602 913 2648 vero
930 2584 1062 2650 dubium
1081 2591 1130 2650 est
1146 2585 1224 2665 quin
1248 2584 1392 2651 futurum
1417 2583 1520 2650 fuerit
1542 2595 1585 2666 ut,

364 2688 393 2753 si
415 2707 535 2754 scaena
559 2688 680 2753 mutari
703 2689 879 2773 potuisset,
903 2691 997 2772 prior
1021 2691 1155 2758 fabulae
1179 2711 1258 2774 pars
1282 2693 1369 2774 apud
1393 2693 1585 2775 sepulerum,

364 2795 470 2861 altera
491 2794 525 2881 (a
540 2814 638 2863 versu
654 2795 733 2881 651)
757 2799 799 2863 ad
815 2797 942 2880 regiam
966 2805 1120 2880 ageretur
1129 2798 1163 2884 ⁶).
1205 2800 1314 2880 Atque
1336 2799 1443 2882 ipsum
1458 2807 1586 2882 poetam

363 2903 503 2969 alterum
526 2902 632 2969 locum
656 2906 698 2970 ab
722 2904 827 2971 altero
849 2905 1022 2988 seiungere
1046 2907 1122 2974 inde
1138 2907 1394 2974 concludendum
1418 2915 1478 2990 est,
1503 2908 1586 2988 quod
1699 2895 1700 2924 ³

363 3011 454 3076 credi
469 3030 534 3077 non
550 3017 659 3093 potest
674 3011 833 3095 Orestem,
858 3013 979 3094 quippe
996 3014 1088 3080 cuius
1107 3015 1283 3096 plurimum
1307 3015 1442 3080 intersit
1456 3013 1585 3098 Clytae

362 3125 517 3184 mestrem
534 3118 642 3184 celare
659 3121 698 3185 de
716 3119 822 3201 ipsius
843 3122 998 3203 adventu,
1023 3121 1206 3204 sepulcrum
1223 3125 1284 3189 sub
1300 3121 1394 3205 regia
1409 3120 1483 3203 ipsa
1498 3121 1585 3203 posi·

362 3232 430 3291 tum
446 3226 549 3309 adire,
563 3234 599 3292 nt
615 3227 654 3292 de
670 3233 775 3308 matre
789 3228 939 3294 necanda
955 3246 1027 3294 cum
1043 3248 1155 3295 sorore
1171 3229 1312 3295 consilia
1328 3225 1582 3312 communicer).
1699 3235 1700 3240 ’

451 3333 569 3399 Restat
607 3341 644 3398 ut
678 3333 859 3415 disquiram
898 3335 1039 3415 quibus
1078 3336 1355 3402 instrumentis
1390 3335 1582 3402 scaenicis

361 3441 546 3525 Aeschylus
570 3441 726 3524 effecerit,
752 3447 788 3506 ut
810 3447 882 3507 tota
906 3442 1022 3508 fabula
1045 3450 1122 3510 ante
1145 3444 1242 3510 aedes
1266 3449 1429 3526 ageretur.

451 3708 470 3779 ι)
490 3708 542 3764 Ubi
561 3713 650 3762 totam
663 3707 789 3763 fabulam
806 3711 903 3780 peragi
916 3708 1150 3765 Wilamowitaius
1169 3709 1270 3780 (Herm.
1285 3709 1352 3764 XXI
1370 3725 1394 3778 p.
1409 3709 1472 3780 597)
1492 3709 1580 3764 existi·
1699 3793 1700 3796 Ἴ

360 3797 462 3854 mahat.
500 3798 551 3852 Oui
569 3797 713 3853 oblocutus
733 3803 776 3853 est
794 3797 912 3853 Todtias
932 3798 949 3854 l.
963 3816 985 3854 c.
1005 3816 1030 3868 p.
1044 3799 1097 3855 518
1105 3815 1143 3866 sq.

449 3887 470 3956 ²)
490 3887 531 3942 uf.
553 3887 750 3942 Bodensteinor
770 3889 787 3944 l.
802 3905 824 3944 c.
844 3903 869 3956 p.
882 3890 936 3944 650
955 3889 1049 3944 adnot.
1064 3891 1087 3944 l.

449 3977 470 4046 Ι)
489 3977 582 4044 Neque
601 3977 684 4031 aliam
704 3980 839 4033 rationem
858 3983 1011 4045 sequnntur
1025 3978 1170 4047 Sophocles
1189 3984 1217 4034 et
1231 3979 1375 4047 Euripides
1395 3977 1441 4047 (cf.
1455 3977 1548 4048 infra).

449 4067 469 4136 ⁴)
489 4066 567 4132 Quod
598 4069 790 4136 comprobatur
822 4068 889 4122 locis
920 4068 1091 4137 Euripideis:
1133 4069 1234 4124 Troad.
1255 4069 1314 4124 448.
1352 4067 1578 4132 electensem,
1699 4099 1700 4108 .

359 4155 492 4212 eos-10.
517 4156 606 4213 Orest.
627 4156 670 4225 98,
684 4157 745 4226 796,
759 4157 825 4212 1211
840 4173 878 4224 sq.
916 4157 1065 4214 Praeterea
1078 4158 1205 4214 conferas
1217 4163 1319 4225 quaeso
1332 4157 1579 4220 Wilamowitaium‚
1699 4233 1700 4248 ἵ

359 4245 535 4301 Herm'XXl
553 4263 578 4316 p.
592 4247 653 4302 611.

374 4359 375 4362 “
448 4335 469 4406 ⁸)
489 4335 579 4404 Quare
598 4335 816 4392 Schoenbornius
834 4336 852 4391 l.
866 4353 889 4394 c.
908 4353 934 4406 p.
948 4338 1000 4392 222
1023 4342 1056 4393 ut
1075 4353 1202 4394 scaenam
1221 4353 1250 4392 re
1269 4353 1335 4392 uera
1353 4339 1457 4392 mutari
1474 4339 1578 4406 putaret

359 4430 510 4481 commotus
528 4431 579 4481 est.

447 4515 467 4585 ⁸)
488 4515 579 4582 Neque
599 4518 627 4570 in
647 4516 786 4570 Electra
805 4515 990 4585 Sophoclea
1009 4519 1067 4572 reri
1091 4523 1134 4572 est
1153 4515 1241 4572 simile
1260 4515 1384 4571 Orestem
1403 4516 1450 4571 ubi
1469 4517 1575 4586 primum

358 4607 386 4659 in
405 4607 525 4672 patriam
544 4605 665 4673 redierit,
685 4607 781 4659 statim
801 4607 835 4659 ad
856 4606 961 4676 regiam
978 4608 1066 4674 ipsam
1085 4622 1115 4660 se
1133 4606 1259 4661 conferre
1278 4605 1325 4677 (cf.
1345 4605 1441 4675 infra).
