3442 5324
752 421 795 485 69

156 634 266 716 potuit
300 634 379 714 quin
402 634 638 719 Polyphemum
666 633 774 716 ipsum
802 634 837 698 in
865 653 985 701 scaena
1016 634 1181 701 bibentem
1209 641 1307 716 atque
1331 655 1385 702 ca-

155 747 287 808 nentem
312 741 446 808 laceret.

245 849 363 930 Itaque
397 848 538 932 Cyclops
576 848 648 930 ipse
683 867 700 915 e
736 868 835 932 specu
873 850 1084 932 progreditur
1122 850 1208 916 hanc
1242 850 1384 917 afferens

155 975 290 1022 causam
314 955 358 1042 (ν.
376 955 583 1042 507-509);

364 1111 366 1114 ·
423 1076 544 1164 ὑπάγει
566 1077 601 1162 μ’
624 1077 642 1146 ὁ
665 1077 784 1169 χόρτος
806 1077 939 1169 εὔφρων

425 1184 481 1253 ἐπὶ
504 1190 614 1270 κῶμον
637 1178 716 1276 ἦρος
739 1185 853 1275 ὥραις,

424 1291 490 1360 ἐπὶ
512 1291 732 1371 Κύκλωπας
755 1292 963 1392 αδελφοίς.

245 1419 338 1503 Quod
362 1419 391 1486 si
414 1419 618 1502 perfecisset,
643 1439 763 1486 scaena
785 1422 943 1486 mutanda
966 1421 1102 1503 fuisset3
1135 1423 1249 1502 itaque
1265 1421 1382 1489 Ulixes

153 1525 349 1606 Silenusque
383 1527 467 1592 nihil
497 1527 765 1608 praetermittunt
800 1529 878 1608 quin
906 1528 959 1593 illi
988 1530 1209 1610 persuadeant
1243 1535 1279 1594 ut
1307 1535 1384 1595 ante

153 1651 286 1715 specum
310 1639 488 1716 remaneat,
513 1635 594 1700 haec
617 1635 779 1700 dicentes:

315 1757 349 1824 τί
371 1755 434 1849 γὰρ
458 1759 511 1824 δεῖ
533 1762 711 1843 συμποτῶν
734 1754 852 1838 ἄλλων,
876 1757 1043 1846 Κύκλιοψ;
1070 1759 1113 1846 (v.
1132 1759 1210 1844 540)
1234 1760 1288 1828 vel

316 1866 372 1932 καί
395 1863 480 1955 πρός
502 1889 537 1951 γε
561 1863 693 1943 θάλπος
717 1864 811 1954 ἡλίου
835 1867 944 1932 πίνειν
967 1863 1066 1932 καλόν
1090 1867 1133 1952 (v.
1151 1868 1239 1952 542).

244 1990 370 2074 Quibus
397 1991 508 2058 verbis
537 1991 595 2058 ille
623 1991 761 2073 denique
789 1998 1023 2075 commovetur,
1055 1999 1092 2058 ut
1118 1994 1180 2059 hoc
1207 1993 1279 2059 loco
1309 2013 1381 2059 cum

152 2099 197 2165 iis
220 2104 312 2180 potet
335 2105 518 2180 cantetque.

242 2349 352 2430 Atque
375 2355 411 2415 ut
434 2354 636 2432 spectatores
660 2349 764 2415 oculis
788 2355 972 2432 comerent,
997 2369 1094 2430 quam
1118 2349 1252 2433 indigne
1277 2349 1381 2416 ferret

151 2456 410 2540 HippolytuS,
450 2456 536 2536 quod
570 2456 606 2522 in
637 2456 731 2539 regia
766 2457 880 2522 nutrix
911 2457 1094 2523 Phaedram
1130 2477 1239 2524 amore
1275 2457 1379 2541 ipsius

150 2566 269 2631 ardere
292 2563 357 2630 sibi
381 2564 533 2645 professa
558 2570 657 2646 esset,
682 2565 744 2630 hoc
767 2564 860 2630 modo
884 2570 984 2647 poeta
1007 2563 1126 2630 effecit.

241 2671 308 2738 Vix
332 2671 418 2737 enim
442 2670 502 2736 illa
525 2671 653 2736 domum
677 2671 831 2754 intravit,
857 2691 928 2737 oum
951 2672 1102 2738 Phaedra
1126 2672 1243 2752 quibus
1266 2673 1378 2738 verbis

151 2779 250 2845 iratis
279 2777 480 2862 Hippolytus
509 2777 543 2842 in
574 2797 646 2844 eam
679 2778 854 2845 invehatur
885 2778 969 2844 loris
996 2778 1091 2844 audit
1118 2784 1151 2844 et
1179 2798 1251 2845 cum
1280 2779 1378 2845 choro

150 2885 370 2953 communicat
394 2883 450 2970 (ci
475 2905 506 2950 v.
524 2883 708 2970 ber-eal:

336 3028 339 3034 '
367 3008 385 3076 ὁ
408 3013 466 3098 τῆς
489 3008 658 3098 φιλίππου
681 3015 763 3086 παῖς
785 3007 963 3093 Ἀμαζόνος
984 3013 1048 3097 βοᾷ

362 3114 563 3196 Ἱππόλυτος,
587 3115 715 3184 αὐδῶν
739 3115 849 3184 δεινοὶ
873 3115 1101 3206 πρόσπολον
1123 3115 1218 3184 κακά

149 3243 182 3303 et
206 3257 237 3304 v.
256 3236 426 3301 589-90:

363 3351 418 3418 καί
441 3349 506 3436 μὴν
530 3356 646 3440 σαφῶς
668 3373 703 3436 γε
726 3348 794 3440 τὴν
816 3354 940 3417 κακῶν
963 3349 1278 3440 προμνήστριαν,

364 3455 431 3546 τὴν
455 3457 649 3525 δεσπότου
672 3460 901 3546 προδοῦσαν
925 3457 1072 3546 ἑξαυδᾷ
1095 3456 1216 3539 λέχος.

240 3584 343 3651 Brevi
383 3591 459 3667 post
496 3591 603 3651 autem
639 3585 704 3666 ipsi
740 3585 775 3651 in
807 3603 959 3650 scaenam
994 3585 1156 3666 prodeunt
1194 3583 1376 3668 Hippolyto

148 3694 233 3759 haee
258 3692 462 3758 exclamante
486 3694 588 3758 verba
612 3693 655 3779 (v.
673 3692 880 3776 ebt—eom:

365 3808 392 3882 ὦ
413 3822 492 3902 γαῖα
514 3820 617 3906 μῆτερ
642 3815 736 3906 ἡλίου
759 3815 787 3883 τ’
811 3814 1009 3898 α’ναπτυχαί,

365 3921 444 3990 οἵων
466 3922 569 4010 λόγων
592 3921 735 4014 ἄρρητον
758 3922 922 4013 είσὴκουο’
945 3921 1023 4002 ὄπα,

149 4051 206 4118 ubi
231 4068 312 4131 quos
340 4049 429 4116 intra
456 4050 583 4133 regiam
610 4069 782 4117 conserere
808 4051 978 4133 coeperint
1005 4070 1183 4133 sermones
1215 4051 1259 4116 ad
1281 4048 1376 4115 finem

148 4159 340 4240 perducant.

239 4392 348 4470 Atque
372 4390 406 4456 in
422 4390 693 4457 Andromacha
717 4410 911 4472 quamquam
931 4397 1134 4473 spectatores
1158 4391 1258 4457 fando
1283 4391 1376 4456 audi-

148 4503 269 4564 verunt
290 4497 517 4580 Hermionam,
549 4516 645 4578 quam
674 4498 816 4564 iniuriae
840 4499 1089 4564 Andromachae
1117 4499 1239 4564 allatae
1262 4497 1376 4580 paeni-

149 4611 243 4688 teret,
261 4605 296 4669 id
312 4623 420 4687 agere,
438 4610 475 4670 ut
491 4611 628 4671 mortem
644 4605 710 4671 sibi
725 4605 943 4672 conscisceret
959 4603 1015 4692 (cs.
1029 4627 1059 4672 v.
1071 4605 1249 4691 aba-19),
1266 4613 1376 4672 tamen
