3522 5310
763 287 801 350 11

196 485 274 547 satis
297 481 401 568 liquet
425 484 480 568 qui
501 482 588 546 haud
610 505 733 570 paucas
750 481 851 547 refert
895 482 994 547 Recte
1022 481 1147 546 iudicat
1173 480 1371 546 Plutarchus

198 588 332 655 Conviv.
367 590 432 654 Vll
468 613 535 676 sap.
573 590 718 660 7πολλά
751 617 788 680 γε
814 641 820 654 .
848 644 854 657 .
882 642 888 657 .
915 592 1119 658 ,πιστεύεται
1153 594 1282 681 ψευδῶς,
1318 595 1371 658 καὶ

195 703 348 789 χαίρουσιν
372 703 400 766 οἱ
421 702 532 766 πολλοὶ
554 703 668 788 λόγους
691 700 915 782 ἀνεπιτηδείους
937 702 1002 788 περὶ
1025 709 1128 788 σοφῶν
1151 699 1268 787 ἀνδρῶν
1285 701 1373 766 αὐτοί

194 833 230 873 τε
253 811 440 884 πλάττοντες
465 811 518 873 καὶ
540 811 699 897 δεχόμενοι
728 809 793 896 παρ’
826 807 936 894 ἐτέρων
965 806 1102 894 ἑτοίμοις,
1134 813 1166 867 et
1189 801 1306 868 Cicero
1332 802 1372 867 de

194 910 283 976 finib.
303 909 337 976 ll
353 914 384 981 3,
411 912 429 975 7
453 917 571 993 septem
592 918 696 976 auten
720 913 824 998 inquit
847 911 898 976 tto·
929 932 993 976 non
1014 931 1082 993 sue,
1106 911 1159 976 sed
1175 910 1371 992 populorum

194 1015 1371 1102 suffrapioonmt'umnomieotisunt.InmemoriamrevocoSoloniscum

196 1125 320 1192 Croeso
338 1137 535 1190 conventum
553 1125 644 1209 (Her.
662 1125 680 1189 I
696 1126 822 1211 29sq.).
853 1124 895 1189 Et
912 1123 1057 1190 Croesus
1074 1147 1149 1189 cum
1166 1147 1269 1189 naves
1286 1123 1373 1190 aedi—

195 1233 287 1298 ficsri
313 1234 467 1297 iussisset
496 1234 551 1318 qui
580 1230 706 1296 insulas
730 1231 919 1297 incolebant
941 1230 1080 1298 dicionis
1105 1254 1185 1297 suae
1213 1231 1371 1304 facturus,

197 1341 336 1404 Biante
371 1350 427 1404 aut
462 1339 620 1403 Pittaco
655 1349 790 1404 auctore
831 1338 967 1404 oonsilio
1007 1337 1130 1404 destitit
1165 1347 1262 1427 atque
1299 1360 1373 1404 cum

194 1447 331 1513 lonibus
367 1468 482 1533 pacem
513 1447 593 1513 fecit
621 1447 651 1516 tl
677 1447 740 1531 27).
788 1446 936 1512 Thales
967 1446 1127 1511 Croesum
1157 1448 1190 1511 in
1227 1448 1373 1512 exercitu

195 1553 303 1641 Halyn
328 1553 452 1618 flumen
476 1553 655 1619 traiciendo
680 1554 848 1618 adiuvisse
874 1553 986 1636 fertur,
1010 1553 1045 1618 id
1069 1553 1156 1640 quod
1181 1553 1371 1618 Herodotus

196 1664 267 1748 ipsc
297 1671 396 1748 negat
425 1660 584 1727 Croesum
618 1663 798 1726 exereitum
828 1660 981 1747 pontibus
1011 1662 1067 1748 qui
1094 1662 1128 1725 in
1160 1658 1215 1725 illo
1239 1659 1373 1725 flumine

194 1770 344 1850 fuissent,
377 1770 546 1834 traiecisse
581 1769 756 1834 arbitratus
786 1768 816 1854 (l
851 1767 915 1852 75).
976 1767 1133 1833 Novellae
1172 1766 1374 1853 assignanda

195 1889 270 1948 sunt
295 1898 379 1963 quae
403 1874 444 1940 de
468 1875 693 1942 Periandro
717 1875 804 1960 (123
822 1878 885 1962 sq.)
907 1877 1044 1962 eiusque
1066 1874 1132 1939 lilio
1155 1875 1374 1962 Lycophrone

194 1994 369 2049 narrantur
415 1982 569 2066 (11150).

286 2091 426 2156 Novitne
454 2113 532 2154 vero
564 2089 749 2154 Herodotus
779 2100 905 2177 septem
935 2091 1101 2176 sapientes
1125 2089 1157 2154 in
1190 2088 1373 2175 catalogum

197 2198 249 2264 vel
282 2200 469 2262 societatem
502 2195 714 2262 coniunctos?
751 2196 853 2262 Cuius
882 2197 928 2261 rei
960 2198 1146 2261 testimonio
1176 2198 1231 2282 qui
1264 2196 1374 2261 afferri

196 2307 281 2372 solet
304 2305 396 2370 locus
422 2305 438 2368 l
462 2304 504 2369 29
529 2310 717 2374 ἀπικνέονται
745 2310 776 2385 ἐς
798 2309 910 2396 Σάρδις
931 2309 1128 2396 ἀκμαζούσας
1145 2309 1268 2394 πλούτῳ
1285 2305 1376 2372 ἄλλοι

194 2443 229 2482 τε
262 2419 291 2483 οἱ
318 2419 427 2492 πάντες
459 2418 495 2480 ἐκ
517 2425 571 2498 τῆς
600 2417 758 2492 Ἑλλάδος
787 2419 938 2506 σοφισταί.
976 2416 1003 2481 οἳ
1039 2423 1148 2481 τοῦτον
1182 2418 1236 2479 τὸν
1270 2416 1376 2503 χρόνον

195 2527 363 2612 ἐτύγχανον
387 2527 498 2600 δόντες,
527 2527 567 2600 ὡς
590 2523 721 2600 ἕκαστος
738 2525 837 2588 αὐτῶν
853 2524 1035 2598 ἀπικνέοιτο,
1060 2527 1112 2588 καὶ
1134 2526 1173 2604 δὴ
1196 2525 1249 2588 καὶ
1272 2522 1377 2588 Σόλων

196 2633 272 2719 ἀνὴρ
296 2623 461 2712 Ἀθηναῖος
484 2629 555 2712 ipse
581 2628 767 2712 opinionem
792 2647 903 2691 eorum
930 2629 986 2712 qui
1010 2626 1176 2691 Herodoto
1205 2627 1376 2690 scientiam

196 2734 339 2822 catalogi
374 2744 500 2820 septem
537 2735 732 2821 sapientium
768 2733 922 2812 tribuunt,
959 2733 1082 2798 diserte
1114 2734 1234 2799 refutat
1266 2732 1376 2797 verbis

197 2851 239 2924 ὡς
262 2845 394 2922 ἕκαστος
424 2846 524 2910 αὐτῶν
558 2847 737 2911 ἀπικνέοιτο.
787 2831 976 2927 Singulos
1009 2843 1141 2926 igitur
1174 2842 1375 2928 sapientes

197 2947 397 3013 Croesum
427 2947 578 3012 adiisse
608 2949 839 3014 Herodotus
863 2957 1013 3029 narrat,
1032 2947 1099 3013 sed
1121 2969 1257 3034 neque
1275 2957 1374 3012 cata·

197 3055 333 3142 logum
371 3077 500 3141 neque
548 3053 765 3139 collegium
813 3065 972 3142 septem
1020 3057 1263 3141 sapientium
1303 3053 1376 3118 hoc

196 3161 337 3228 aliove
361 3162 447 3227 loco
473 3163 515 3226 af
520 3163 536 3226 f
542 3166 635 3249 ert1)
676 3162 855 3244 Quaeres,
882 3164 1073 3248 praesertim
1098 3185 1172 3226 cum
1189 3160 1377 3226 Herodotus

199 3269 364 3352 Solonem,
382 3271 552 3342 Pittacum,
573 3271 729 3350 mantem,
738 3269 910 3335 Thaletem
922 3292 996 3334 cum
1007 3269 1132 3335 Croeso
1143 3270 1377 3335 convenientes

198 3379 299 3443 faciat
331 3386 428 3463 atque
463 3379 582 3443 totiens
619 3379 826 3442 occasionem
864 3388 987 3463 septem
1034 3378 1199 3462 sapientes
1236 3398 1376 3442 comme-

198 3484 347 3570 morandi
376 3483 535 3566 habuerit,
565 3482 787 3548 memorabilis
819 3505 907 3566 sane,
941 3485 1011 3548 sed
1041 3482 1147 3548 nullo
1176 3492 1290 3570 pacto
1319 3505 1403 3571 arg

200 3603 388 3678 gumento
424 3604 484 3657 est
518 3613 601 3655 eum
638 3602 784 3678 septem
821 3594 1029 3678 sapientes
1065 3614 1141 3655 non
1180 3613 1310 3672 nosse,
1344 3603 1378 3655 ut

199 3698 432 3764 ‹zoncluserunt
460 3697 645 3764 Bohrenius
673 3697 694 3762 l.
725 3697 744 3764 l.
776 3723 805 3785 p.
829 3700 871 3763 57
901 3710 934 3763 et
962 3699 1103 3764 Wulfius
1136 3723 1166 3785 p.
1196 3699 1274 3764 3Ξ
1301 3700 1375 3763 165.

200 3807 322 3873 Contra
358 3810 426 3870 iure
460 3805 540 3870 dicit
569 3805 724 3870 Stettiner
752 3807 770 3872 l.
800 3805 819 3871 l.
843 3831 874 3893 p.
909 3809 949 3870 lo
972 3806 1045 3874 adn.
1073 3811 1108 3870 1:
1140 3807 1193 3872 Ex
1224 3806 1378 3872 Herodoti

199 3917 324 3981 adoratio
352 3935 486 3996 prorsus
520 3915 601 3978 rrihr'l
628 3916 836 3997 consequitor,
865 3916 974 3978 minus
1003 3924 1091 3978 reete
1121 3912 1262 3978 addens:
1287 3913 1377 3978 nardo

199 4024 234 4088 id
258 4044 274 4085 e
299 4024 476 4088 vetustioris
500 4025 614 4088 aetatis
639 4025 788 4088 rrtemora'o
806 4025 1023 4103 pertrectauit,
1049 4023 1130 4104 quod
1153 4042 1216 4086 non
1241 4027 1333 4085 antro
1358 4044 1378 4084 o

199 4151 306 4194 rerum
344 4131 548 4212 emptoribus·
586 4135 769 4194 eruderatum
807 4136 883 4194 erut.
942 4128 1011 4193 Nec
1052 4131 1226 4214 quicquam
1262 4127 1376 4207 obstat,

201 4238 377 4322 quominus
414 4257 487 4300 oum
525 4235 699 4320 Bergkim)
736 4258 776 4298 ex
812 4235 969 4300 Heracliti
1006 4235 1078 4300 loco
1116 4257 1215 4321 supra
1251 4233 1291 4321 (p.
1325 4236 1377 4306 llll

221 4355 310 4363 ...u-...-

294 4355 491 4460 ¹J--C-lnetiam
521 4397 551 4447 o,
575 4394 738 4462 Bernlmrdt,
759 4393 810 4446 Die
835 4393 850 4446 7
881 4393 992 4448 Weisen
1022 4393 1250 4456 Grieohenlands‚
1281 4391 1377 4462 Progr.

205 4483 290 4538 Soron
311 4483 379 4538 1864
398 4502 424 4553 p.
445 4483 470 4536 7.

292 4577 313 4638 Ἶ
333 4573 441 4630 Grieeh.
464 4573 713 4644 litteraturgssch.
734 4573 842 4628 11413.
