3522 5310
821 301 947 400 ιικ

253 497 435 563 Gedichtes
460 497 525 562 den
549 496 678 579 Zweok,
703 497 769 562 den
785 496 1078 562 Antisthenisohcn
1095 497 1171 562 Sata
1196 497 1431 582 (Diog.‘Laert.

253 604 302 668 Vl
328 604 407 688 105)
435 611 491 691 τὴν
518 609 628 695 &poulo
657 609 870 698 ἀναπόβλητον
898 611 1035 696 ὑπάρχειν
1064 605 1121 668 mit
1144 602 1433 668 Antisthenisoher

254 710 683 799 Interpretationsmsthode
707 733 749 776 nu
773 708 992 796 wider·legen“
1027 713 1115 775 etin
1140 710 1214 776 adn.
1242 712 1304 794 1.¹)
1352 709 1432 790 „Ale

255 821 327 884 eine
351 817 483 904 launige
506 818 648 884 Parodie
671 818 732 882 auf
751 816 969 886 Antisthenes
1005 817 1138 883 kdnnen
1173 821 1231 882 wir
1262 819 1347 904 jetat
1377 820 1433 882 mit

255 925 439 1008 Sioherheit
463 925 515 991 dia
540 925 913 1010 Auseinandersetaung
936 925 995 990 des
1021 925 1177 991 Sokrates
1205 924 1288 990 tiber
1311 925 1364 989 die
1388 925 1432 988 la-

254 1033 414 1099 konische
438 1031 658 1120 Brachylogie
682 1033 740 1097 der
768 1033 787 1096 'l
813 1031 949 1098 Weisen
979 1031 1169 1098 betraohten
1194 1055 1224 1119 p.
1249 1032 1359 1097 342A
1384 1031 1433 1098 bis

254 1140 365 1216 3433,
391 1163 486 1205 wenn
511 1141 569 1205 wir
593 1141 647 1204 ein
672 1189 757 1205 ....
783 1138 919 1204 Diktum
945 1140 1005 1204 des
1027 1139 1243 1206 Antisthenes
1268 1139 1432 1205 denchen-

255 1246 381 1313 helten:
416 1255 472 1334 τὴν
508 1253 618 1340 ἀρετὴν
652 1251 843 1341 βραχυλόγον
872 1248 955 1328 εἶναι,
991 1254 1045 1334 τὴν
1074 1253 1112 1316 δὲ
1135 1255 1244 1317 κακίαν
1268 1252 1433 1340 ἀπεραντο-

256 1355 384 1447 [λίγονῙ.
431 1353 536 1419 Diesa
560 1352 751 1441 Einleitung
785 1353 882 1419 wirht
916 1377 975 1418 vor
1011 1353 1070 1420 der
1103 1352 1223 1440 langen
1251 1354 1341 1420 Rede
1374 1355 1432 1419 des

255 1460 411 1527 Sokrates
436 1461 502 1526 last
525 1461 670 1544 stdrend,
695 1484 789 1526 wenn
814 1463 863 1526 sie
886 1460 977 1526 nicht
1001 1461 1065 1526 den
1081 1461 1203 1526 Zweok
1223 1463 1278 1528 hat
1301 1462 1361 1527 auf
1381 1461 1433 1527 dic

254 1569 512 1656 Inkousequanz
532 1567 592 1634 des
607 1567 824 1634 Antisthenes
840 1569 1074 1651 hinzuweisen,
1100 1569 1159 1634 der
1180 1571 1302 1654 gewiss
1327 1584 1433 1664 μακρῷ

253 1684 339 1770 λόγῳ
363 1676 446 1742 uber
470 1677 523 1742 die
546 1676 688 1742 Dichter
709 1675 930 1762 geschrieben
954 1677 1103 1746 hatte“,.

345 1783 458 1866 Quid?
496 1785 582 1849 Num
606 1785 683 1850 inde
708 1785 796 1871 quod
819 1783 1034 1854 Antisthenes
1059 1785 1100 1849 de
1124 1785 1268 1850 Homero
1293 1795 1325 1850 et
1348 1784 1432 1850 The·

256 1891 375 1976 ognide
399 1893 541 1979 scripsit,
568 1891 766 1957 concludere
789 1889 867 1958 licet
890 1891 1054 1979 colloquia
1077 1893 1117 1958 de
1141 1895 1235 1980 poesi
1259 1915 1278 1958 a
1299 1893 1434 1958 Platone

256 2009 509 2065 commemorata
532 1999 575 2064 ad
598 1998 829 2065 Antisthenem
854 1998 1028 2065 referenda
1052 1999 1151 2066 esse?
1195 1999 1239 2065 Et
1262 1999 1304 2064 de
1327 2002 1433 2087 poetis

256 2105 402 2172 scribere
426 2129 503 2172 num
528 2106 617 2172 idem
640 2116 692 2172 est
714 2122 812 2194 atque
843 2107 883 2172 de
914 2110 1008 2195 poesi
1039 2107 1205 2195 colloqui?
1252 2107 1318 2173 Sed
1354 2110 1433 2173 satis

255 2213 396 2280 dilucide
421 2214 639 2280 demonstrari
663 2223 774 2302 potest
798 2213 899 2280 verba
922 2221 1074 2308 συμπόσια
1096 2224 1138 2284 τὰ
1160 2229 1222 2285 τῶν
1237 2221 1359 2309 φαύλων
1383 2223 1434 2286 καί

255 2327 408 2414 ἀγοραίων
432 2325 597 2415 ἀνθρώπων
621 2331 718 2410 atque
743 2324 812 2392 ἄνευ
836 2335 897 2392 τῶν
919 2330 1018 2416 λήρων
1045 2329 1114 2391 κτλ.
1151 2345 1217 2388 non
1251 2325 1356 2410 magis
1391 2323 1433 2388 ad

255 2427 485 2516 Xenophontis
510 2427 708 2496 Convivium
738 2439 888 2517 spectare
919 2453 1015 2518 quam
1044 2437 1080 2500 τὸ
1108 2438 1174 2522 περὶ
1196 2438 1344 2517 ποιήσεως
1366 2438 1433 2500 ῶια-

254 2541 404 2628 λέγεσθαι
426 2545 460 2603 et
481 2547 584 2603 totum
609 2535 775 2623 dialogum
800 2538 842 2603 ad
866 2535 1106 2603 Antisthenem.

344 2641 499 2730 Agedum
511 2645 728 2731 inspiciamus
741 2643 977 2731 praefationem
990 2647 1265 2732 interpretationis
1279 2649 1432 2711 carminis

256 2749 438 2818 Simonidei
453 2751 556 2818 338ss
573 2774 622 2838 sq.
648 2759 790 2846 ἡγοῦμαι,
816 2755 873 2847 ἔφη
897 2751 958 2839 (so.
976 2753 1198 2838 Protagoras),
1223 2757 1432 2846 ὦΣώκρατες,

256 2864 318 2950 ἐγὼ
342 2862 426 2948 ἀνδρί
453 2865 591 2941 παιδείας
619 2867 763 2951 ρίγιστον
792 2867 884 2952 μέρος
911 2863 984 2929 εῖναι
1018 2868 1084 2953 περὶ
1118 2866 1194 2930 ἐπῶν
1220 2868 1319 2930 δεινὸν
1348 2865 1433 2931 εῖναι·

256 2968 322 3034 ἔστι
343 2971 381 3034 δὲ
402 2977 497 3036 τοῦτο
521 2973 563 3034 τὰ
587 2972 641 3035 ὑπὸ
665 2979 725 3034 τῶν
747 2979 879 3052 ποιητῶν
902 2972 1055 3059 λεγόμενα
1079 2966 1189 3036 οἷόντε
1210 2969 1283 3038 είναι
1307 2977 1434 3038 συνιέναι

257 3078 338 3141 ἅτε
361 3077 463 3165 ὀρθῶς
484 3079 644 3158 πεποίηται
670 3080 722 3143 καὶ
750 3079 770 3140 ἃ
800 3081 850 3164 μή.
887 3079 938 3142 καὶ
973 3079 1156 3144 ἐπίστασθαι
1179 3080 1288 3145 διελεῖν
1319 3102 1355 3144 τε
1383 3083 1435 3145 καὶ

259 3184 455 3270 ἐρωτώμενον
482 3186 577 3271 λόγον
602 3188 717 3250 ῶοῶναι.
764 3180 849 3245 Num
882 3182 946 3245 hoo
981 3183 1014 3247 in
1039 3179 1267 3248 Antisthenem
1297 3184 1433 3271 eiusque

257 3286 405 3352 asseclas
429 3288 549 3353 cadere
574 3288 707 3375 potest?
748 3287 892 3374 Cynicos
916 3311 1047 3377 quoque
1071 3301 1186 3377 poetas
1210 3299 1433 3377 perscrutatos

257 3415 342 3473 esse,
379 3405 414 3459 ut
444 3397 562 3482 partim
598 3395 717 3481 placita
753 3415 814 3460 sua
842 3418 954 3461 eorum
986 3399 1178 3462 auctoritate
1203 3385 1451 3464 confirmarent⁴

257 3503 373 3588 partim
399 3501 545 3588 singulas
570 3525 681 3570 eorum
707 3502 885 3568 sententias
911 3526 1006 3569 suum
1030 3508 1062 3568 in
1086 3527 1181 3570 usum
1207 3515 1435 3571 converterent

258 3610 476 3675 certissimum
514 3620 581 3692 est3
619 3609 679 3674 sed
714 3619 866 3697 poemata
895 3609 967 3674 illos
997 3613 1227 3698 interpretatos
1252 3612 1359 3699 deque
1382 3611 1433 3676 his

257 3715 438 3782 collocutos
464 3739 539 3782 esse
556 3740 622 3783 non
639 3716 829 3795 credideris,
854 3719 882 3781 si
899 3739 1011 3784 eorum
1029 3719 1070 3785 de
1087 3719 1233 3786 moribus
1251 3721 1433 3785 doctrinam

256 3825 455 3911 respexeris.
508 3823 565 3889 Sin
600 3833 709 3890 autem
745 3827 939 3910 cognoveris
977 3827 1141 3914 sophistas
1178 3826 1272 3912 (Plat.
1302 3827 1432 3913 Protag.

256 3931 325 3996 316
337 3931 386 4014 D)
408 3953 474 3996 non
498 3951 619 4015 negare
645 3929 824 3996 Homerum
843 3932 1079 4020 Orpheumque
1099 3957 1177 4000 suos
1195 3957 1280 4014 esse,
1306 3938 1333 3998 si
1359 3959 1433 4000 con-

258 4037 467 4123 sideraveris,
504 4037 610 4125 qualis
643 4037 862 4125 sophistarum
900 4039 1040 4106 docendi
1075 4052 1106 4105 ct
1137 4041 1321 4108 disserendi
1351 4046 1432 4108 ratio

257 4146 366 4228 fuerit,
394 4167 473 4210 num
496 4143 689 4210 infitiabaris
715 4143 833 4212 illude
857 4149 951 4234 poesi
976 4147 1139 4234 colloquia
1164 4148 1367 4216 solummodo
1392 4151 1433 4214 ad

255 4251 422 4340 sophistas
450 4251 625 4318 referenda
653 4275 738 4334 esse,
770 4256 891 4340 quippe
920 4278 1058 4340 quorum
1089 4259 1194 4321 omnis
1225 4259 1371 4322 doctrina
1401 4261 1433 4322 in

258 4359 503 4447 interpretando
529 4361 635 4446 posita
657 4357 780 4426 fuerit?

356 4507 435 4517 ...n-...-
450 4508 469 4514 ,-

352 4594 370 4650 ¹l
390 4589 431 4646 Of.
451 4592 537 4650 stiam
555 4611 582 4664 p.
602 4595 663 4648 245.
