3522 5310
852 325 1065 428 2⁰„

372 531 434 596 incl
457 529 606 616 ἀπόγονος
627 526 662 608 ἦν
687 523 832 617 Θηβαίων
859 527 999 592 ἀποικίαν
1022 528 1063 604 είς
1078 527 1205 613 Πριήνην
1228 528 1420 602 στειλάντων,
1447 527 1545 614 ὥσπερ

372 639 424 703 καὶ
447 636 619 712 Φανόδικός
641 657 723 723 φησι.

463 728 513 811 10.
546 738 643 803 Diod.
674 737 724 802 IX
754 737 850 821 13‚2
886 750 1025 830 σαγηνεῒς
1056 743 1218 823 Μεσσήνιοι
1254 743 1338 806 κατὰ
1372 743 1426 806 τὸν
1454 741 1547 830 βόλον

371 852 477 940 ἕτερον
501 853 554 939 μὶν
578 851 665 914 οὐδὲν
689 850 879 930 ἀνείλκυσαν,
904 852 1039 938 χαλκοῦν
1062 851 1098 914 δὲ
1122 851 1250 936 τρίποδα
1267 851 1357 937 μόνον
1380 849 1546 937 ἐπιγραφὴν

375 959 486 1048 ἔχοντα
519 951 575 1043 (τῷ
611 957 799 1047 σοφωτάτῳῖ
863 957 1049 1045 ἀναχθέντος
1085 958 1121 1021 δὲ
1159 965 1216 1022 τοῦ
1250 959 1547 1044 κατασκευάσματος

371 1067 504 1149 δοθῆναι
526 1074 570 1152 τῷ
593 1064 708 1130 Βίαντι.

465 1154 515 1239 ίί.
553 1166 661 1233 Valer.
697 1166 830 1232 Maxim.
869 1166 918 1231 IV
955 1167 985 1248 1,
1021 1175 1085 1230 ext.
1124 1167 1154 1231 7.
1205 1167 1236 1232 A
1266 1167 1479 1248 piscatoribus
1511 1168 1547 1231 in

371 1277 503 1342 Milesia
525 1279 653 1359 repione
675 1275 880 1341 muriculam
904 1275 1102 1340 trahentibus
1124 1275 1256 1356 quidam
1277 1275 1397 1340 iactum
1420 1278 1545 1340 emam.

372 1385 529 1452 Extracta
563 1383 674 1454 deinde
707 1384 817 1465 mopni
846 1383 1000 1464 ponderis
1034 1401 1133 1446 aurea
1157 1380 1315 1464 Delphica
1342 1402 1450 1447 mertsa
1478 1386 1545 1446 orta

372 1493 582 1558 controversia
609 1497 654 1556 cst
685 1489 751 1555 illis
769 1489 910 1570 piscium
933 1509 965 1554 se
987 1495 1155 1570 capturam
1177 1488 1354 1554 ourdidisse
1376 1488 1546 1571 asfirrnan-

372 1600 465 1682 ricus,
503 1599 559 1663 mc
592 1599 759 1681 fortunam
793 1597 904 1662 anam
937 1598 1048 1663 emisse
1081 1597 1209 1662 dicente.
1257 1595 1328 1677 Qua
1354 1597 1547 1663 contuitione

365 1713 499 1790 propter
520 1707 690 1771 novitatem
712 1707 759 1770 rei
782 1710 811 1769 et
834 1698 1086 1787 mapnituctinern
1113 1705 1269 1786 pecuniae
1296 1704 1339 1768 art
1364 1706 1546 1768 uniuersum

237 1875 240 1880 .
371 1815 508 1880 ciuitatis
531 1816 599 1878 cius
616 1813 772 1894 poputum
795 1811 901 1877 delata
918 1812 1046 1894 placuit
1064 1811 1245 1894 Apollinem
1262 1810 1452 1892 Delphicum
1475 1831 1544 1878 oon-

369 1922 443 2004 suti,
468 1923 595 1986 cuinam
618 1920 801 1985 adiudicari
823 1941 933 1984 mensa
955 1919 1083 1985 debera.
1115 1919 1206 1985 Dens
1228 1918 1390 2001 respondit
1412 1919 1462 1984 rlli
1483 1939 1547 1985 esse

370 2029 522 2112 dandam,
547 2030 602 2110 qui
623 2029 783 2110 sapientia
805 2031 921 2093 ceteros
937 2033 1126 2109 praestaret,
1151 2026 1202 2092 tn's
1223 2028 1343 2092 uubis:

530 2139 585 2216 Τίς
608 2140 698 2229 σοφία
720 2148 838 2227 πρῶτος
860 2141 989 2220 πάντων,
1012 2139 1112 2228 τούτῳ
1136 2133 1252 2226 τρίποδ’
1278 2139 1371 2203 αὐδῶ.

374 2242 455 2307 Turn
483 2243 608 2307 Milesii
634 2261 786 2307 consensu
817 2241 942 2306 Thaleti
975 2261 1116 2309 mensam
1152 2242 1312 2308 statuunt.
1359 2240 1384 2306 Ι
1385 2241 1425 2308 tle
1456 2243 1546 2308 cessit

369 2371 439 2415 eam
455 2329 580 2430 Bianti,
597 2349 682 2415 Bias
701 2349 837 2432 Pittaco,
862 2351 892 2414 is
908 2351 1059 2430 protinus
1081 2350 1150 2430 alii,
1173 2350 1380 2431 deincepsque
1399 2369 1459 2431 per
1481 2369 1545 2414 am-

370 2459 460 2524 nium
481 2462 597 2538 septem
612 2459 805 2537 sapientium
829 2457 932 2522 orbem
947 2457 990 2522 ad
1004 2457 1153 2522 ultimum
1173 2457 1216 2522 acl
1232 2454 1375 2522 Solonem
1393 2457 1545 2539 peruenit,

370 2567 425 2647 qui
448 2567 477 2629 et
500 2563 626 2630 titulum
655 2563 872 2647 amplissimae
898 2563 1090 2646 ponitentiae
1112 2571 1142 2630 et
1160 2565 1342 2648 praemium
1370 2563 1414 2628 ari
1441 2569 1544 2645 ipsum

371 2671 553 2754 Apollinem
577 2671 748 2736 transtulit.

467 2777 516 2842 12.
554 2777 681 2840 Auson.
706 2776 788 2842 Lud.
814 2791 896 2863 sept.
922 2795 990 2863 sap.
1019 2776 1208 2842 loo-174:
1253 2861 1256 2868 Ι

533 2883 658 2950 Dedere
676 2887 852 2966 piscatores
874 2889 1048 2950 extractum
1071 2886 1166 2962 mari,

532 2991 678 3073 Namque
700 2991 734 3056 lri
756 2992 881 3057 iubente
904 2990 998 3056 Delio
1022 3013 1070 3058 rne
1087 2991 1239 3074 leperant,

532 3099 623 3180 Quod
644 3098 699 3164 ille
720 3120 837 3164 munus
860 3099 917 3165 λου
938 3101 1076 3180 sapienti
1097 3082 1236 3165 miserat.

532 3205 604 3290 Epo
627 3225 779 3272 recusans
800 3227 864 3272 non
886 3209 992 3288 recepi
1015 3211 1044 3270 et
1066 3205 1196 3271 reddidi

533 3311 713 3379 Ferendum
735 3313 780 3378 art
802 3313 892 3392 alios,
917 3333 995 3395 quos
1011 3314 1138 3395 priores
1162 3313 1326 3380 creduem,

531 3419 617 3486 Dein
638 3441 694 3502 per
717 3440 823 3485 omnes
845 3427 960 3504 septem
982 3423 1139 3501 sapientes
1160 3423 1245 3485 viras

531 3528 673 3593 Missum
696 3547 734 3592 ac
755 3530 921 3592 remissurn
942 3549 1055 3594 rursus
1078 3527 1121 3592 acl
1144 3549 1192 3592 rna
1215 3529 1372 3611 defensat,

533 3634 605 3718 Epo
627 3641 785 3716 receptum
808 3637 986 3700 consecravi
1008 3635 1170 3715 Apollini‚·

535 3742 620 3806 Nom
644 3745 675 3806 si
696 3744 869 3822 sapientem
892 3742 990 3825 ‹telipi
1016 3741 1159 3808 Ploetns
1181 3742 1274 3818 iubet,

533 3849 607 3912 Non
630 3849 786 3914 nominem
809 3869 1006 3931 quemquam,
1030 3849 1085 3914 sed
1107 3849 1199 3914 daun
1222 3848 1309 3914 aedi
1332 3849 1422 3914 άουοί.

460 3954 521 4019 III.
559 3957 586 4019 1.
623 3953 788 4019 Plutarch.
815 3953 880 4020 Sol.
905 3956 936 4036 4,
962 3955 981 4019 7
1017 3960 1126 4024 Ταῦτα
1156 3961 1209 4046 μὲν
1234 3958 1285 4025 οὖν
1316 3962 1371 4024 ὑπὸ
1401 3962 1546 4025 πλειόνων

371 4067 568 4155 τεδράληται,
599 4068 676 4147 πλὴν
706 4067 753 4132 ὅτι
782 4069 819 4132 τὸ
847 4069 946 4154 δῶρον
973 4067 1040 4131 ἀντὶ
1063 4075 1119 4132 τοῦ
1141 4068 1285 4155 τρίποδος
1309 4067 1337 4132 οἱ
1361 4068 1414 4153 μὲν
1438 4068 1546 4156 φιάλην

373 4176 427 4238 ὑπὸ
450 4174 584 4262 Κροίσου
608 4175 806 4262 πεμφθεῖσαν,
839 4175 868 4240 οἱ
894 4176 931 4238 δὲ
956 4177 1097 4263 ποτήριον
1121 4175 1319 4251 Βαδυκλέους
1347 4173 1547 4251 ἀπολιπόντος

373 4278 447 4346 εἶναι
470 4284 621 4368 λέγουσιν.

462 4381 492 4448 2.
529 4384 625 4468 Diog.
661 4383 769 4448 Locri.
804 4383 821 4450 I
855 4385 897 4449 28
932 4389 1042 4454 Ταῦτα
1071 4391 1111 4470 δὴ
1140 4390 1156 4454 t
1183 4388 1386 4477 Καλλίμαχος
1416 4389 1447 4452 ἐν
1482 4395 1547 4464 τοῖς

373 4495 495 4584 ἰάμβοις
538 4493 642 4572 ἄλλως
689 4495 803 4584 ἱστορεῖ
838 4500 921 4583 παρὰ
954 4496 1120 4583 Λεανδρίου
1158 4496 1262 4584 λαβὼν
1299 4503 1355 4561 τοῦ
1390 4497 1544 4578 Μιλησίου.

286 4653 290 4669 .
372 4603 541 4667 Βαδυκλέα
574 4604 633 4692 γάρ
668 4625 736 4667 τινα
765 4602 908 4691 Ἀρκάδα
943 4605 1054 4692 φιάλην
1087 4604 1264 4668 καταλιπεῖν
1297 4606 1350 4668 καί
1384 4602 1547 4690 ἐπισκῆψαι
