3452 5316
863 401 1072 501 ΔΞ,

355 623 500 680 veterum
534 615 800 696 pbilosophorum
836 617 874 680 de
905 616 1025 680 animis
1059 617 1240 698 doctrinas
1276 636 1357 696 quas
1386 617 1507 681 mutari
1538 618 1575 680 ob

356 722 496 788 erimina
524 722 558 786 in
582 722 729 787 homines
753 723 900 788 asininos
925 723 1139 804 crediderint,
1172 725 1267 789 docet
1290 725 1376 788 hunc
1400 723 1577 788 cruciatum

355 850 375 894 a
399 829 568 912 proposito
597 830 693 911 longe
722 832 892 906 aberrare,
918 830 1085 910 quianon
1116 832 1220 896 solum
1249 831 1441 912 exstinguat
1470 831 1577 912 pravi-

355 943 470 1018 tatem,
501 938 558 1002 sed
582 936 682 1001 etiam
706 944 828 1018 augeat
855 937 960 1002 malas
984 938 1193 1019 cupiditates.
1242 939 1372 1018 ltaque,
1401 937 1431 1002 si
1455 938 1578 1001 anima-

354 1063 425 1108 rum
458 1044 491 1109 in
515 1043 583 1108 alia
606 1063 745 1124 corpora
776 1051 863 1110 esset
890 1045 1059 1126 transitio,
1092 1045 1184 1109 illam
1214 1047 1331 1110 debere
1355 1046 1404 1110 ita
1429 1064 1515 1126 esso,
1547 1051 1580 1109 ut

354 1153 459 1233 homo,
486 1152 541 1231 qui
559 1151 661 1216 alicui
677 1151 832 1216 iniuriam
850 1152 1010 1247 attulerit,
1036 1152 1070 1216 iu
1095 1153 1201 1218 altera
1217 1153 1288 1219 vita
1311 1153 1397 1218 idem
1415 1153 1578 1234 patiatur:

356 1296 407 1376 13,
425 1324 452 1364 ιτ
486 1297 555 1358 Νῦν
580 1292 596 1358 ὁ
613 1295 706 1358 δεῖνα
728 1297 793 1376 τιῦν
817 1291 940 1382 οἶγρίιον
995 1295 1046 1359 ΙΙΙ
1072 1297 1142 1376 aa.
1175 1292 1219 1382 ιιίγ
1242 1292 1304 1383 γὰρ
1333 1292 1373 1382 ab}
1397 1293 1479 1359 κατὰ
1507 1317 1579 1360 ουν-

399 1401 469 1467 ἑστὶ
499 1401 554 1466 καὶ
577 1405 642 1465 τοῖν
666 1399 746 1466 νὲιον
781 1401 940 1487 διαιρέίεί-
1042 1402 1155 1482 τυχίαν
1190 1404 1308 1467 δοῦλον
1342 1401 1427 1488 μηδὲ
1462 1399 1579 1484 αἰχμά-

400 1533 449 1598 ρει
478 1505 537 1596 τὴν
567 1506 665 1596 ιῖίραν.
713 1499 816 1582 αὖθις
838 1506 938 1592 γιγνὲ-
1038 1510 1143 1573 λαντον
1174 1507 1218 1584 τίς
1249 1506 1342 1590 ἐίιυχε
1372 1508 1456 1595 μηδὲ
1491 1507 1580 1593 ὑβρι-

400 1624 474 1682 σίίιο
505 1613 577 1691 νέος
605 1613 717 1692 καλός,
749 1612 793 1690 tog
817 1611 857 1679 ἂν
885 1615 936 1680 καί
1040 1621 1162 1703 σθῆναι
1191 1613 1240 1692 είς
1264 1619 1359 1698 σῶμα
1388 1614 1468 1702 εἰκῇ,
1498 1613 1579 1680 diae

399 1720 498 1798 αὐτὸς
524 1726 628 1787 ταῦτα
651 1719 771 1788 πάθοι.
818 1719 939 1809 ἕτερος,
1040 1714 1078 1809 ἦν
1110 1747 1191 1788 ποτε
1225 1727 1330 1788 ταῦτα
1365 1721 1520 1810 ποιήσας,
1560 1721 1579 1786 ἅ

377 1829 530 1912 μοιχός,
570 1828 617 1904 εἷς
655 1834 792 1913 γυναῖκα
830 1853 939 1912 μετα·
1039 1829 1181 1896 οὖνέστι
1204 1829 1357 1911 πάσχων·
1381 1829 1577 1917 καὶμητέρα

397 1935 585 2022 stellabitur,
616 1935 660 2012 oi,⁸
691 1932 730 2000 ἂν
762 1935 826 2001 tirno
854 1961 937 2019 μοι-
1037 1963 1088 2014 τις
1112 1935 1235 2001 ambio
1250 1936 1316 2002 ὑπὸ
1340 1933 1464 2012 παιδὸς
1487 1933 1576 2002 εἶναι·

397 2044 489 2124 χείας
511 2043 689 2130 ὑβρίζοιτο.
1038 2043 1216 2131 (semijustos
1267 2043 1439 2128 γενόμενος
1489 2041 1576 2130 γονή.

1036 2153 1091 2218 καὶ
1115 2150 1316 2237 μιασαίμονοιΙ
1339 2157 1476 2236 γυναῖκα
1500 2151 1575 2236 γονῇ

1036 2256 1141 2337 ἐσται,
1164 2257 1219 2324 ἵνα
1242 2263 1380 2345 βιασίίῇ.

442 2402 546 2485 Quam
577 2401 773 2466 senteutiam
804 2401 934 2466 Aeneas
970 2403 1088 2467 tribuit
1119 2403 1303 2486 Porphyrio
1334 2408 1367 2468 et
1395 2402 1577 2467 Iamblicho

353 2509 474 2574 oblitus
506 2509 572 2572 iam
603 2515 679 2573 ante
711 2527 765 2572 eos
798 2508 964 2573 Plotinum
995 2508 1081 2573 idom
1113 2509 1246 2575 dixisse.
1294 2509 1372 2576 Cum
1404 2516 1512 2574 autem
1545 2508 1576 2572 in

351 2616 503 2696 reliquiis
526 2616 704 2698 Porphyrii
733 2623 765 2680 et
789 2615 962 2680 lambliohi
992 2617 1072 2681 haeo
1100 2617 1265 2682 sententia
1288 2636 1352 2682 non
1381 2616 1575 2698 reperiatur,

351 2729 496 2788 statuere
521 2742 584 2788 non
613 2741 794 2802 possumus
828 2730 935 2788 utrum
960 2725 1061 2787 verba
1090 2723 1171 2788 ilaec
1206 2743 1241 2788 ro
1272 2743 1352 2788 vera
1390 2723 1514 2788 fuerint
1545 2723 1578 2786 in

352 2831 483 2895 illorum
515 2830 668 2912 operibus
700 2849 742 2893 an
768 2832 895 2894 Aeneas
927 2849 1024 2895 unum
1055 2850 1115 2911 pro
1147 2831 1252 2896 altero
1282 2829 1447 2910 attulerit,
1481 2847 1577 2908 quam

351 2957 419 3002 rem
444 2940 530 3019 apud
555 2957 626 3002 eum
657 2957 721 3002 non
752 2936 933 3002 inauditam
959 2957 1029 3002 esse
1060 2938 1124 3002 iam
1150 2946 1248 3002 antea
1271 2937 1576 3002 demonstrauimus.

441 3047 571 3110 Aeneas
596 3063 698 3125 agens
723 3046 762 3108 de
785 3044 890 3109 libero
920 3045 1059 3109 arbitrio
1084 3065 1161 3110 usus
1186 3053 1236 3110 est
1259 3044 1424 3110 sententia
1447 3042 1577 3108 similli-

352 3173 404 3218 ma
429 3154 564 3217 duorum
594 3152 739 3216 locorum
762 3152 902 3232 Plotini,
935 3171 1071 3231 quorum
1102 3152 1187 3217 alter
1212 3152 1321 3217 verbis
1353 3151 1482 3230 quidem
1514 3169 1577 3214 non

352 3259 400 3324 ita
424 3259 590 3339 congruit,
620 3265 729 3324 exstat
753 3265 862 3323 autem
891 3259 924 3322 in
949 3259 1097 3323 oratione
1126 3258 1296 3323 simillima
1320 3259 1451 3322 Aerreae
1475 3293 1517 3302 —-
1542 3261 1578 3320 ut

351 3367 405 3431 hie
421 3373 593 3447 comparat
606 3366 767 3430 bominem
786 3366 890 3430 libero
915 3385 979 3431 non
1000 3365 1185 3446 praeditum
1202 3365 1342 3430 arbitrio
1360 3383 1431 3429 oum
1456 3364 1575 3445 lapide,

352 3475 400 3538 ita
432 3473 582 3538 Plotiuus
614 3473 795 3538 sententias
825 3492 935 3537 eorum
960 3473 1141 3554 vituperat,
1174 3473 1229 3552 qui
1261 3478 1381 3553 putant
1410 3472 1445 3536 in
1476 3471 1575 3536 astris

351 3588 472 3646 sortem
502 3587 648 3646 nostram
679 3580 821 3661 positam
853 3599 939 3659 esse,
977 3580 1087 3658 itaque
1119 3599 1160 3644 ex
1196 3579 1326 3644 homine
1353 3579 1496 3660 lapidem
1525 3577 1575 3642 fa-

351 3689 443 3754 ciunt
466 3726 518 3770 —,
551 3688 636 3752 alter
659 3707 738 3754 vero
762 3687 874 3752 verbis
898 3688 1027 3767 quidem
1053 3689 1193 3752 maxime
1217 3686 1382 3752 consentit
1405 3705 1477 3750 oum
1499 3685 1574 3750 Plo-

352 3797 430 3876 tino‚
455 3796 509 3861 bio
533 3801 640 3861 autem
666 3813 800 3877 prorsus
825 3815 842 3859 e
866 3801 1021 3859 contextu
1044 3795 1206 3860 orationis
1231 3794 1380 3860 divulsus
1404 3801 1462 3858 est.

352 3941 429 4020 23‚2
456 3943 535 4014 Παῖς
556 3935 744 4022 δὀἷμείνιον
766 3935 783 4002 ὁ
804 3934 936 4026 ἄνθρω-
992 3938 1043 4002 ΠΙ
1070 3941 1123 4021 1,⁵
1161 3936 1239 4026 ἡμῖν
1269 3935 1306 4002 δὲ
1336 3934 1433 4002 οὐδὲν
1462 3931 1573 4008 διδοὺς

395 4071 459 4122 νιος
488 4038 535 4133 ἦν,
567 4043 603 4110 εί
634 4045 750 4120 λίθος
779 4037 827 4132 ἦν,
859 4043 935 4110 ὅσοι
1035 4045 1170 4120 λίθοις
1199 4042 1397 4133 ιγερομὲνοις
1427 4041 1572 4108 καταλεί-

394 4150 548 4239 βούλοιτο
572 4151 592 4218 ὁ
615 4153 772 4239 τεχνίτης,
798 4176 936 4240 nemme—
1035 4177 1091 4217 τιει
1123 4145 1218 4230 εἶναι,
1254 4147 1323 4215 ἀλλ’
1354 4147 1411 4216 οὐκ
1444 4145 1572 4236 ἀνθρώ-

396 4257 543 4348 ρόμενος,
562 4257 670 4348 ἤτινα
687 4257 862 4348 φθόγγον
878 4257 937 4347 ἀφ’
1035 4283 1113 4335 ποις
1141 4255 1253 4339 ἔχουσι
1282 4255 1361 4345 παρ’
1384 4256 1493 4322 αἰτῶν
1520 4257 1568 4323 καί

395 4365 515 4432 ἑαυτοῦ
549 4365 784 4454 παρεχόμενος,
820 4365 856 4431 ὃν
889 4365 937 4442 τίς
1036 4365 1070 4431 ἐκ
1098 4371 1156 4454 τῆς
1184 4364 1292 4431 αὐτῶν
1316 4363 1449 4454 φύσεως
1472 4363 1569 4454 ἔργον.

395 4473 453 4562 τὴν
484 4473 561 4562 ὅλην
591 4473 785 4561 ἁρμονίαν
821 4472 838 4540 ὁ
869 4476 935 4562 διγ-
991 4474 1042 4538 ΙΙΙ
1068 4475 1136 4554 2,ιι
1169 4475 1225 4538 καὶ
1248 4470 1379 4538 τὸιίλον
1402 4477 1499 4538 τοῦτο
1519 4496 1571 4537 κα-

395 4580 551 4669 μιοοργίν,Ι
575 4579 744 4647 συναίτιοι
769 4583 896 4658 καλιῦςς
1036 4579 1091 4645 triv
1115 4578 1187 4658 οὐκ,
1218 4579 1253 4646 εί,
1277 4579 1394 4654 λίθος
1422 4581 1473 4668 εἴη
1504 4577 1570 4645 ἕκα-
