3452 5314
872 491 887 494 ,,
951 397 1030 494 ,9οῃ

361 612 395 676 in
422 611 461 677 iis
486 611 685 692 nominibus,
715 631 850 692 quorum
875 609 1084 676 accusativus
1109 610 1256 676 Graecus
1280 633 1328 673 -ru
1356 608 1488 690 syllaba
1514 608 1581 672 lini-

361 725 423 784 tur.
457 719 520 785 Sed
544 719 678 784 eandem
695 718 883 784 declinandi
907 717 1069 783 rationem
1093 722 1273 796 sequuntur
1297 715 1460 780 interdum
1487 715 1581 780 etiam

361 845 410 906 ea,
447 843 582 905 quorum
617 826 790 907 genetivus
827 825 973 890 Graecus
1009 824 1044 888 in
1074 824 1170 904 -ιδος,
1208 822 1416 888 aecusativus
1448 822 1482 887 in
1513 823 1583 887 -rda
1714 889 1715 914 ,

361 932 439 998 exit.
487 932 573 998 Sane
597 932 726 1012 quidem
758 952 822 998 non
846 933 963 998 desunt
986 931 1064 1012 loci,
1097 931 1215 1011 quibus
1239 931 1369 998 Graeca
1396 929 1583 995 terminatio
1714 919 1715 944 ¹

359 1041 430 1106 -ida
454 1046 607 1106 servatur
630 1046 688 1105 aut
704 1058 775 1104 cum
791 1040 914 1105 Latina
937 1040 1033 1105 -idern
1057 1025 1210 1104 mutatur.
1243 1037 1363 1104 Omnes
1383 1037 1444 1102 has
1463 1038 1583 1102 lomnes
1714 1097 1715 1110 ,

361 1148 421 1213 hoc
445 1147 554 1228 capite
578 1153 765 1213 tractemus.

450 1253 495 1318 Et
530 1254 678 1336 singulos
719 1254 782 1319 iam
818 1261 933 1336 poetas
967 1252 1167 1336 perscrutati
1202 1251 1351 1317 videmus
1387 1251 1584 1318 Grattium

361 1361 488 1428 Graece
512 1361 644 1427 flexisse
669 1361 749 1426 haec
774 1361 921 1426 nomina:
1116 1351 1120 1358 ’

286 1465 290 1472 ’
450 1469 576 1535 Adonin
600 1470 643 1535 66
675 1471 770 1553 tiarin
797 1469 869 1550 165,

449 1575 670 1641 Manilium:

450 1683 574 1750 Phasin
595 1686 626 1752 V
650 1683 692 1748 45
732 1721 772 1728 --
814 1683 938 1749 Aulida
961 1683 1008 1752 IV
1032 1683 1097 1748 638
1142 1679 1291 1748 Colchida
1313 1681 1365 1746 HI
1390 1681 1420 1762 9,
1450 1681 1497 1747 IV
1523 1679 1583 1744 517

361 1791 498 1858 Persida
520 1791 550 1858 V
573 1792 625 1855 49.

450 1898 540 1962 Idem
564 1904 672 1963 autem
697 1897 816 1962 Latine
841 1896 965 1962 finivit:

453 2005 646 2089 Charybdim
669 2006 716 2072 IV
740 2003 805 2070 605
839 2006 974 2070 Tanaim
998 2005 1044 2070 IV
1069 2004 1133 2069 677
1165 2005 1269 2088 tiyrirn
1295 2003 1323 2068 V
1349 2002 1421 2072 708.

451 2113 490 2177 In
514 2111 699 2194 Priapeia
723 2131 788 2177 una
812 2111 908 2178 huius
931 2110 1063 2194 generis
1088 2110 1195 2176 lomna
1218 2109 1357 2193 legitur:

449 2221 637 2286 Schoeneida
662 2219 743 2285 XVI
769 2222 796 2286 1.

451 2327 707 2394 Germanicus
737 2326 857 2408 ubique
881 2325 1033 2391 adhibuit
1056 2325 1218 2391 Graecam
1241 2323 1507 2390 terminationem

449 2435 502 2500 vel
525 2436 587 2498 -in:
617 2435 736 2516 pristin
760 2433 834 2514 360,
852 2433 914 2498 361
941 2430 999 2516 (Β)ι
1015 2430 1098 2516 dm),
1123 2431 1185 2497 381
1212 2433 1269 2512 (13³
1286 2429 1337 2515 -ῑ),

449 2541 501 2607 vel
526 2543 611 2606 -ida:
637 2541 803 2607 Atlantida
826 2540 890 2604 322
925 2539 1078 2622 Cepheida
1102 2539 1176 2617 240,
1195 2539 1258 2604 704
1292 2536 1497 2622 Cynosurida
1522 2538 1581 2602 189

360 2647 512 2714 Perseida
535 2649 610 2712 462.

448 2755 648 2820 Phaedrus
673 2761 780 2820 autem
805 2754 963 2836 praetulit
986 2754 1179 2820 Latinorum
1205 2771 1342 2818 morem:

450 2857 621 2928 Zeuxidem
644 2863 672 2929 V
697 2862 779 2943 prol.
806 2863 835 2926 7.

448 2969 619 3036 Senecae
653 2968 898 3052 tragoediarum
934 2969 1144 3035 consentiunt
1179 2969 1308 3035 codices
1349 2969 1487 3033 sormam
1527 2986 1584 3048 per

359 3078 409 3142 -in
432 3076 559 3142 finitam
583 3082 753 3143 servantes
778 3076 829 3142 his
852 3076 951 3142 locis:
1563 3123 1565 3131 ,

448 3185 522 3248 Tro.
549 3187 582 3249 9:
610 3185 738 3252 Tarmia
773 3185 848 3250 Pro.
876 3185 931 3248 11:
959 3185 1069 3269 Tiorin
1105 3184 1180 3249 Tro.
1199 3183 1278 3248 849:
1303 3182 1428 3248 Pharin
1463 3181 1580 3248 Phoen.

362 3292 438 3357 129;
464 3291 544 3357 Elin
581 3292 666 3356 Med.
691 3292 770 3357 451:
795 3290 920 3357 Phasin
958 3292 1019 3374 Ag.
1045 3291 1124 3358 690:
1149 3291 1249 3357 Attin.

448 3397 487 3462 ln
519 3398 774 3481 Agamemnonis
809 3417 906 3464 versu
936 3399 1002 3464 679
1035 3397 1174 3464 Bothius
1208 3403 1322 3462 eontra
1355 3396 1495 3477 codices,
1528 3395 1583 3476 qui

360 3507 483 3572 tanaim
507 3506 650 3586 tradunt,
675 3505 839 3570 Troadum
863 3524 994 3570 versum
1017 3506 1037 3569 9
1061 3510 1192 3570 secutus
1218 3504 1345 3570 Tanain
1368 3503 1513 3584 scripsit.

449 3612 597 3677 Alteram
611 3612 773 3678 Graecam
790 3611 1054 3679 terminationem
1073 3611 1163 3676 dedit
1175 3611 1298 3677 Seneca
1313 3611 1366 3676 his
1383 3610 1581 3677 nominibus:

450 3720 573 3785 Ardida
604 3718 679 3805 (Ag.
705 3719 783 3803 667)
826 3719 928 3784 Elida
955 3719 1147 3804 (710850)
1193 3718 1357 3785 Ismenida
1387 3717 1480 3802 (Oed.
1507 3718 1581 3802 234)

358 3827 539 3910 Lyrnesida
564 3825 639 3910 (Ag.
658 3827 735 3911 186)
767 3827 936 3892 Solonenica
960 3827 1048 3908 (Tro.
1067 3827 1155 3910 844).

448 3933 518 4017 Quo
544 3933 634 3998 exitu
658 3933 772 3998 affecit
795 3934 895 3999 etiam
915 3934 1149 4016 accusativum,
1175 3933 1230 4013 qui
1255 3933 1290 3998 in
1307 3931 1582 4017 Apocolocyntosi

360 4041 542 4110 invenitur:
575 4042 711 4108 Persida
736 4043 787 4122 12,
806 4042 836 4123 3,
854 4073 890 4110 re.

448 4149 487 4213 In
511 4148 702 4215 Octaviae
726 4148 917 4232 tragoediae
940 4167 1039 4215 versu
1063 4148 1126 4214 707
1151 4147 1307 4232 legimus:
1337 4147 1456 4214 Thetin.

449 4255 666 4322 Columella
689 4256 824 4338 scripsit
848 4258 990 4324 Graece:
1024 4257 1193 4323 Tartesido
1217 4255 1249 4320 X
1278 4257 1348 4321 192.

448 4363 610 4429 Persius
633 4365 770 4430 Latine:
802 4365 992 4448 Errpolidom
1014 4365 1031 4430 Ι
1058 4365 1129 4429 124.

448 4472 628 4537 Lucanus
645 4471 780 4537 admisit
793 4472 953 4538 Graecam
971 4472 1234 4538 terminationem
1251 4471 1351 4536 -inin
1367 4470 1580 4537 accusativis:

448 4578 547 4643 Aulin
569 4581 598 4646 V
616 4580 681 4644 236
706 4580 810 4665 (ΜιΖι
834 4579 920 4666 olim)
953 4581 1167 4664 Rhascypolin
1190 4580 1279 4648 V55
1296 4579 1336 4665 (P
1351 4578 1423 4664 ψη)
1459 4578 1582 4646 Tanain
