3442 5324
337 616 410 694 ll‚3
456 611 515 700 την
547 612 583 678 δὲ
621 611 705 700 πρός
736 615 919 679 Φαίδωνα
974 615 1094 680 Phaed.
1131 617 1170 680 81
1208 617 1238 680 E
1302 614 1473 681 ε’νδοίνται
1507 614 1554 688 δέ,

380 717 576 808 Σωκράτους
595 719 772 786 συνουσίαν
788 718 920 803 διεξιόν

379 824 457 903 τοὺς
480 824 546 892 ύπό
570 827 761 911 πλεονεξίας
785 827 919 916 ἐπαιρο-

379 933 498 1019 γιένους
540 935 596 1000 καὶ
641 931 726 1022 πρός
768 932 920 1023 ἁρπαγὰς

380 1041 533 1125 ἑτοίμους
568 1040 616 1118 εἰς
656 1041 827 1118 ίκτίνους
865 1044 920 1107 καὶ

379 1147 520 1225 λύκους
550 1145 763 1234 μεταβάλλει,
793 1145 851 1214 τόν
883 1147 919 1215 δὲ

378 1255 444 1322 ὑπό
468 1256 659 1339 ε’ττιδυμτοῖν
676 1254 920 1339 δεδουλωμένον

379 1362 436 1439 είς
458 1360 548 1438 τούς
572 1361 685 1440 όνους
708 1361 896 1431 α’πελαύνει.

336 2221 405 2300 11,τ
448 2218 507 2308 την
538 2219 573 2285 δὲ
607 2218 787 2304 εύδαίμονα
820 2219 918 2286 πόλιν

306 2319 308 2324 ’
377 2325 508 2408 οίκίζων
548 2325 614 2392 ἐκεῖ
644 2353 710 2394 που
746 2326 830 2412 λέγει
860 2325 917 2392 τόν

377 2432 497 2522 Ὀρφέα
534 2432 591 2499 τόν
622 2439 680 2522 τῆς
712 2431 915 2522 Καλλιόπης,

377 2540 492 2629 ἐπειδὴ
525 2538 617 2629 παρὰ
650 2546 809 2625 γυναικῶν
844 2543 916 2607 δια·

378 2649 546 2725 σπασδεὶς
568 2646 662 2715 τόνδε
680 2647 737 2715 τόν
751 2651 826 2734 βίον
850 2647 916 2714 ἑτε-

376 2754 527 2842 λεύτησε,
573 2753 643 2821 τόν
689 2753 917 2844 ἄνθρωπον

377 2861 586 2952 φεύγοντα,
625 2861 762 2929 κύκνον
800 2861 916 2948 γενό-

375 2995 505 3054 μενον.
545 2963 600 3036 οἷα
634 2968 792 3054 μουσικόν
827 2967 916 3048 όντα,

376 3074 434 3165 την
457 3077 618 3166 μουσικὴν
641 3076 851 3166 ἐργάζεσθαι.

1019 718 1131 807 οἵσπερ
1149 717 1245 798 εἰκός,
1270 721 1318 798 εἰς
1333 727 1472 788 τοιαῦτα
1492 721 1552 809 ἤδη

1019 825 1110 893 ὁποῖ’
1134 824 1203 893 ἄττ’
1226 825 1266 894 ἂν
1293 830 1348 895 καὶ
1372 830 1552 916 μεμελετη-

1018 941 1108 1001 κυῖαι
1132 934 1275 1017 τύχωσιν
1295 933 1330 1002 έν
1349 939 1396 1020 τῷ
1411 935 1474 1022 μίφ
1498 989 1553 1003 ...

1019 1033 1090 1108 οἷον
1112 1039 1189 1118 τούς
1211 1041 1272 1126 μέν
1300 1043 1555 1131 γαστριμαργίας

1018 1173 1053 1214 τε
1086 1150 1142 1215 καὶ
1172 1147 1299 1239 ὕβρεως
1332 1151 1387 1215 καὶ
1418 1151 1555 1238 φιλοπο-

1018 1255 1095 1332 σίας
1129 1255 1389 1344 μεμελετηκότας
1426 1257 1482 1323 καὶ
1513 1255 1553 1344 μίγ-

1019 1361 1296 1450 διευλαβημένους
1326 1361 1375 1440 εἰς
1409 1361 1455 1428 τὰ
1485 1367 1556 1428 τοῖν

1018 1467 1114 1534 όνων
1134 1468 1222 1557 γένη
1245 1471 1301 1536 καὶ
1320 1467 1555 1536 τῶντοιούτων

1018 1575 1148 1664 θηρίων
1172 1574 1258 1654 εἰκός
1287 1574 1467 1644 ἐνδύεσθαι
1492 1630 1554 1645 ...

1017 1683 1094 1760 τούς
1133 1683 1169 1751 δέ
1199 1708 1234 1769 γε
1264 1681 1396 1762 ἀδικίας
1434 1709 1470 1750 τε
1502 1685 1554 1750 καὶ

1016 1791 1215 1880 τυραννίδας
1265 1793 1320 1858 καὶ
1365 1787 1556 1882 ἁρπαγὰς

1016 1895 1299 1988 προτετιγιηκότας
1336 1898 1385 1975 εἰς
1417 1895 1457 1964 τὰ
1493 1902 1555 1964 τῶν

1016 2003 1139 2071 λύκων
1171 2031 1207 2072 τε
1240 2007 1295 2072 καὶ
1331 2003 1472 2096 ἱεράκων
1502 2007 1556 2072 καὶ

1017 2112 1175 2180 ι’κτίνων
1198 2111 1283 2201 γένη.

971 2223 1051 2304 Rep.
1080 2223 1112 2286 X
1140 2222 1256 2287 62οΑ
1293 2218 1376 2286 ἰδεῖν
1406 2219 1467 2306 μέν
1496 2218 1556 2309 γὰρ

1019 2323 1127 2414 ψυχὴν
1140 2325 1203 2416 ἔφη
1216 2326 1274 2415 την
1292 2352 1373 2394 ποτε
1388 2326 1556 2416 Ὀρφέως

1015 2433 1189 2522 γενομένην
1211 2433 1462 2521 κύκνου-μίαν
1484 2435 1555 2502 αὶ-

1016 2541 1209 2631 ρονμὲνην
1240 2542 1331 2624 μίσει
1358 2546 1419 2608 τοῦ
1446 2567 1556 2626 γυναι·

1014 2649 1104 2715 κείου
1149 2647 1262 2733 γένους
1304 2647 1361 2714 διὰ
1405 2647 1463 2714 τόν
1503 2647 1557 2715 ἐπ’

1017 2755 1147 2822 ἐκείνοιν
1185 2753 1335 2823 θάνατον
1376 2753 1433 2822 ούκ
1472 2754 1557 2823 ἐδέ-

1016 2865 1138 2930 λουσαν
1167 2863 1201 2928 έν
1223 2864 1351 2947 γυναικὶ
1378 2869 1557 2952 γεννηθεῖ-

1017 2993 1078 3036 σαν
1112 2969 1269 3055 γενέσδοι
1399 2963 1485 3037 εἶναι
1521 2969 1556 3035 δέ

1015 3075 1073 3166 την
1087 3078 1232 3154 Αἴαντος
1251 3081 1311 3142 τοῦ
1334 3078 1557 3161 Τελαμωνίου,

1014 3183 1238 3274 φεύγουσαν
1262 3180 1478 3274 ἄνθρωπον
1507 3207 1558 3268 γε-

1016 3289 1145 3358 νέσδαι.

420 3436 549 3500 Aeneas
577 3435 728 3500 Platonis
760 3435 866 3500 locum
896 3436 1084 3501 describe-ns
1115 3407 1229 3517 ποίεε,
1260 3455 1342 3515 quae
1379 3436 1418 3500 de
1454 3435 1559 3500 Aiace

330 3543 495 3624 dicuntur,
532 3561 603 3607 cum
641 3542 791 3607 Platonis
824 3544 862 3607 de
899 3543 1029 3624 Orpheo
1070 3543 1181 3608 verbis
1217 3543 1361 3623 dicitque
1390 3543 1559 3624 Orpheum

330 3649 380 3716 vit
366 3657 434 3714 tam
457 3649 552 3733 cycni
577 3649 726 3730 elegisse..

332 3789 451 3874 11‚0
436 3816 453 3856 ο
477 3790 514 3857 δε
540 3791 743 3921 Θερσίτης
773 3789 808 3868 ὃς
832 3790 914 3856 πόν-
970 3795 1049 3875 Rep.
1083 3794 1115 3858 X
1144 3793 1262 3858 6200
1307 3789 1421 3880 πόρρω
1461 3789 1490 3857 δ
1524 3791 1561 3858 έν

374 3925 439 3964 των
477 3899 647 3979 αι’σχιστος
686 3925 793 3987 ην..
813 3897 916 3968 ,τόν
1014 3898 1169 3976 ὑστάτοις
1194 3897 1277 3966 ἰδεῖν
1300 3925 1358 3988 την
1376 3903 1436 3965 τοῦ
1458 3901 1560 3984 γελω-

375 4002 587 4086 Ἀχιλλέα..
606 4004 845 4091 ,μιμούμενος
868 4005 916 4082 είς
1014 4009 1154 4072 τοποιοῦ
1189 4006 1383 4095 Θερσίτου
1422 4007 1558 4096 πίθη-

376 4111 550 4200 πίθηκον
583 4113 914 4201 μετασχηματίζεται.
1015 4137 1080 4179 κον
1104 4111 1310 4200 ἐνδυομένην.

333 4221 418 4303 17,ιτ
456 4218 596 4305 καὶγὰρ
627 4217 687 4295 τός
718 4218 917 4309 μαδησεις
970 4222 1091 4286 Phaed.
1118 4221 1205 4286 72ss
1241 4218 1292 4286 ότι
1321 4218 1401 4309 ημῖν
1431 4219 1449 4308 η
1473 4219 1560 4304 μό-

375 4323 616 4414 δναμνησεις
651 4324 763 4410 α’μέλει
800 4329 916 4393 καλοί·
1015 4335 1137 4416 δησις
1168 4325 1225 4393 οὐκ
1249 4324 1329 4393 ἄλλο
1358 4355 1389 4394 τι
1424 4325 1560 4416 ἢδνά-

377 4457 430 4500 σιν
453 4432 484 4498 οὶ
509 4433 658 4501 παλαιοί.
1016 4458 1160 4522 μνηοις
1182 4433 1330 4520 τυγχάνει
1358 4426 1451 4502 οὖσα.
