3496 5310
772 411 815 476 67

176 624 305 691 saturis
335 629 369 688 et
401 623 564 704 epistulis.
613 625 762 691 Catullus
795 625 959 693 diuersam
991 625 1033 691 ab
1064 624 1206 694 Horatio
1240 624 1328 693 viam
1359 626 1410 692 in·

177 751 313 816 gressus
339 737 422 811 erat,
447 749 520 796 cum
539 731 573 797 in
590 730 706 814 lyricis
723 733 854 799 Graeca
870 733 976 799 minus
994 738 1134 815 amaret,
1158 732 1192 799 in
1209 732 1411 800 carminibus

176 839 288 905 herois
302 844 337 904 et
352 837 385 904 in
403 837 545 904 carmine
558 837 634 923 631)
652 839 823 920 aliquanto
836 840 950 922 plures
967 840 1125 906 adhibere
1141 859 1207 906 non
1223 847 1408 907 vereretur.

176 953 289 1013 tamen
313 946 402 1012 inter
425 963 481 1012 eos
503 952 621 1027 poetas
645 947 868 1014 numerandus
891 954 944 1014 est
967 947 1023 1029 qui
1046 967 1193 1014 sermone
1216 947 1300 1014 satis
1316 953 1410 1014 casto

176 1055 231 1120 nsi
253 1058 346 1136 sunt,
377 1053 574 1135 minimeque
599 1053 818 1121 admiratione
842 1055 975 1138 dignum
998 1054 1146 1137 putavit,
1176 1055 1262 1137 quod
1286 1050 1409 1123 ‘verbis

175 1161 310 1229 Graeca
332 1156 476 1227 Latinis’
500 1160 662 1227 misceret.

265 1267 501 1350 Propertius
525 1269 639 1334 eadem
663 1267 872 1336 multitudine
896 1267 1075 1336 formarum
1100 1269 1306 1338 Graecarum
1330 1287 1408 1336 usus

175 1385 228 1444 est
251 1395 316 1458 qua
332 1375 501 1458 Vergilius
524 1375 557 1440 in
575 1374 699 1458 eclogis
723 1381 757 1442 et
780 1377 953 1460 georgicis,
971 1376 1132 1444 Horatius
1148 1375 1181 1444 in
1198 1376 1407 1459 carminibus,

174 1505 252 1551 nam
275 1485 308 1550 in
333 1483 481 1550 centenis
506 1483 657 1550 versibus
681 1483 799 1565 quinas
824 1483 967 1550 admisit.

266 1591 433 1660 Ovidius
457 1609 513 1657 eos
536 1595 671 1657 secutus
695 1594 747 1658 est
771 1591 826 1674 qui
849 1591 1019 1658 aGraeca
1039 1590 1260 1659 declinatione
1275 1591 1407 1658 minime

173 1699 417 1782 abhorrebant,
448 1699 547 1781 plura
576 1697 708 1765 nomina
742 1717 862 1782 graece
898 1699 1068 1766 declinans
1103 1719 1200 1782 qnam
1235 1698 1406 1782 quisquam

174 1814 370 1874 ceterorum.

265 1915 416 1981 Alterum
448 1915 533 1996 qnod
564 1913 892 1982 animadvertendum
926 1933 997 1980 esse
1031 1913 1114 1997 dixi,
1147 1913 1240 1980 onius
1273 1913 1406 1998 generis

171 2023 291 2090 formis
314 2021 453 2089 Graecis
483 2022 537 2089 vel
568 2021 856 2088 terminationibus
888 2028 1006 2104 poetae
1038 2021 1089 2087 usi
1119 2021 1187 2088 sint
1210 2027 1246 2089 et
1268 2026 1348 2103 quot
1370 2021 1405 2088 in

172 2129 359 2198 nominibus
383 2128 523 2196 Graecis
551 2148 634 2211 quae
663 2129 712 2196 ori
734 2129 856 2196 Latino
885 2134 943 2196 aut
967 2130 1128 2210 adaptare
1152 2129 1323 2212 potuerint
1346 2134 1406 2195 ant

172 2237 418 2319 consueverint,
443 2235 590 2303 Graecas
615 2237 864 2304 terminationes
889 2237 1070 2320 servarint,
1098 2237 1133 2303 id
1156 2237 1266 2302 altera
1289 2236 1405 2302 tabula

171 2347 223 2412 ita
253 2344 499 2428 exprimendum
530 2343 662 2428 curavi,
694 2351 732 2411 nt
761 2344 794 2411 in
819 2344 957 2411 sinistra
981 2350 1229 2427 quaque-parte
1252 2361 1404 2410 numerus

172 2455 337 2520 nominum
376 2456 485 2519 exstet
524 2470 608 2533 qnae
649 2451 812 2520 Graecam
847 2453 1110 2520 terminationem
1144 2456 1335 2532 servarunt,
1368 2450 1403 2516 in

170 2561 282 2628 media
304 2577 459 2626 numerus
483 2577 596 2626 eornm
621 2577 705 2641 quae
735 2560 839 2628 latine
870 2561 1038 2627 declinata
1066 2564 1157 2642 sunt,
1188 2560 1221 2625 in
1253 2560 1401 2642 dextera,

171 2675 254 2752 quot
277 2667 409 2734 nomina
432 2686 450 2733 e
474 2665 623 2733 centenis
647 2667 812 2734 Graecam
843 2667 1107 2734 terminationem
1131 2685 1196 2734 non
1220 2665 1401 2734 amiserint.

170 2777 228 2844 hic
250 2780 362 2843 autem
385 2793 469 2858 qnae
492 2775 573 2841 haec
596 2775 711 2842 tabula
735 2775 841 2857 docet,
866 2774 1146 2858 comprehendam.
1446 2843 1447 2848 ,

262 2883 447 2950 Nonnullae
471 2882 719 2950 terminationes
736 2882 886 2950 Graecae
903 2885 991 2965 apud
1008 2901 1119 2950 omnes
1138 2887 1255 2964 poetas
1278 2880 1402 2947 retine-

170 2989 341 3078 banturi).
403 2996 500 3056 erant
543 2995 654 3058 tamen
697 2989 797 3058 etiam
840 2991 936 3058 huius
975 2989 1107 3075 generis
1145 2989 1279 3056 nomina
1316 3007 1402 3071 quae

168 3101 328 3169 Latinam
351 3097 606 3165 declinationem
636 3105 861 3180 sequerentur.
909 3105 946 3165 ut
973 3099 1120 3166 breviter
1143 3103 1292 3180 repetam
1316 3115 1400 3179 qnae

167 3227 274 3293 supra
305 3205 458 3288 exposita
489 3210 581 3288 sunt,
615 3206 805 3273 Horatius
837 3206 980 3292 Meropa
1010 3226 1070 3290 pro
1100 3205 1258 3290 Marsyas
1290 3205 1399 3270 dicere

168 3315 269 3384 metri
296 3314 426 3381 ratione
457 3318 592 3380 coactns
624 3318 691 3395 est;
723 3314 836 3380 eadem
862 3314 903 3380 de
931 3333 1032 3380 eausa
1056 3313 1220 3381 Ovidius
1245 3311 1301 3378 nni
1324 3311 1400 3378 huic

166 3423 292 3493 nomini
324 3420 591 3489 terminationem
625 3421 781 3488 Latinam
815 3422 907 3488 dedit
939 3422 987 3489 ita
1020 3427 1145 3506 tamen,
1178 3425 1216 3487 ut
1248 3425 1398 3504 satyrum

165 3534 275 3616 ipsum
291 3531 460 3613 Marsyam
483 3529 611 3596 nonrine
636 3547 700 3594 non
725 3529 881 3612 appellet,
912 3531 970 3596 sed
993 3529 1110 3597 flumen
1134 3530 1220 3612 quod
1244 3549 1264 3595 a
1283 3534 1399 3611 satyro

167 3641 227 3707 illo
264 3638 316 3705 cui
347 3637 432 3704 cutis
462 3636 614 3703 detracta
638 3643 704 3718 est,
736 3655 853 3704 nomen
878 3637 976 3721 cepit.
1023 3637 1257 3720 Propertius
1281 3641 1398 3702 contra

168 3745 442 3815 consuetudinem
471 3751 644 3828 poetarum
677 3745 790 3812 Ate-aio
822 3745 906 3812 dixit
939 3765 998 3827 pro
1028 3746 1173 3826 Atrides,
1208 3743 1285 3826 qnia
1315 3744 1398 3809 haec

261 3996 280 4066 ¹)
300 3995 435 4050 (lamminis
453 3995 488 4049 63
507 3995 595 4050 ionico
614 3999 701 4049 metro
721 3997 864 4064 compositi
888 4000 916 4050 et
942 3995 1103 4064 ampliorum
1128 3995 1300 4049 heroicorum
1325 4009 1396 4048 oom-

167 4103 250 4142 mnne
269 4091 325 4154 est,
351 4084 422 4152 qnod
441 4083 567 4139 Catullus
591 4101 624 4138 ea
644 4084 688 4138 uel
706 4087 818 4155 integra
836 4101 850 4139 e
870 4086 983 4140 Graecis
1001 4085 1096 4140 hausit
1113 4085 1158 4140 rel
1176 4084 1211 4138 ad
1230 4085 1397 4138 Graecorum

167 4174 354 4244 exemplorum
366 4173 573 4229 similitudinem
590 4173 666 4230 iecit.
692 4175 803 4228 nomina
822 4174 927 4230 Graeca
944 4177 974 4230 11
991 4179 1109 4242 utroque
1127 4190 1227 4244 genere
1245 4173 1397 4228 carminum

166 4266 316 4333 lyricorum
330 4267 359 4318 et
374 4263 545 4318 heroicorum
562 4263 656 4318 eodem
672 4262 731 4318 iere
748 4264 827 4318 modo
847 4264 985 4332 adhibuit;
1004 4280 1068 4318 nam
1086 4266 1115 4318 in
1133 4264 1190 4318 illis
1208 4265 1237 4317 in
1250 4264 1396 4332 sexagenis

167 4372 182 4409 e
201 4355 325 4408 centenis
343 4353 498 4408 nominibus
511 4353 631 4421 Graecis,
651 4354 680 4406 in
694 4353 778 4407 bisin
791 4354 1041 4425 nndesaptuagenis
1054 4355 1262 4409 terminationes
1276 4354 1396 4408 Graecas

167 4459 223 4498 non
241 4443 369 4498 11111111.

259 4531 279 4602 ²)
307 4532 420 4588 Partem
454 4537 566 4588 tantum
601 4532 701 4586 talium
735 4533 875 4590 nominum
909 4535 938 4588 11
973 4533 1064 4588 altera
1098 4532 1196 4588 tabula
1229 4534 1346 4601 repetivi
1380 4550 1396 4587 e

169 4619 267 4676 tabula
284 4621 307 4676 I.

1255 4729 1292 4810 δ’.
