3442 5324
955 399 998 466 68

448 613 488 677 In
512 611 717 678 Alcestide
741 612 826 678 euim
850 632 965 680 servus
982 615 1075 681 domo
1101 631 1252 696 egressus
1273 631 1368 693 quem
1392 615 1435 679 ad
1457 615 1574 680 modum
1682 661 1683 664 ,

360 719 522 786 Hercules
543 719 632 785 intra
647 719 774 802 regiam
795 739 831 785 se
846 721 989 802 gesserit
1009 721 1156 804 explicat
1174 720 1226 785 his
1241 720 1353 787 verbis
1370 720 1413 807 (v.
1425 722 1574 806 756-63);

573 847 704 933 ποτῇρα
726 842 756 911 d‘
780 843 814 910 έν
837 844 983 934 χείρεσσι
1005 844 1153 912 κίσσινον
1175 841 1286 932 λαβὼν

574 951 664 1018 πίνει
688 950 845 1040 μελαίνης
867 950 992 1041 μητρὸς
1015 949 1158 1041 εὔζωρον
1180 949 1281 1036 μέθυ,

574 1056 636 1136 ἕως
660 1056 816 1150 έθέρμην’
839 1056 940 1126 αὐτὸν
963 1057 1142 1149 α’μφιβᾶσα
1165 1056 1251 1149 φλὸξ

573 1168 683 1232 σ’ίνου·
717 1165 833 1255 στέφει
856 1166 893 1233 δέ
915 1171 1020 1255 κρᾶτα
1043 1167 1205 1257 μυρσίνης
1227 1164 1363 1244 κλάδοις

572 1269 690 1358 ἄματα
712 1271 878 1340 ὑλακτῶν·
911 1271 1011 1342 δισσὰ
1035 1273 1065 1341 d’
1088 1271 1126 1363 ἦν
1149 1272 1231 1362 μέλη
1255 1272 1382 1340 κλύειν·

572 1377 591 1447 ὅ
613 1379 674 1465 μέν
696 1378 758 1470 γὰρ
782 1373 841 1470 ᾖδε
864 1433 871 1448 .
892 1435 925 1449 ..

863 1542 922 1558 ...
946 1486 1072 1556 οἰκέται
1095 1487 1124 1556 d'
1148 1488 1319 1573 έκλαίσμεν

575 1575 764 1645 δέσποιναν.

447 1704 512 1771 Sed
545 1709 672 1770 tantum
706 1706 800 1770 abest
834 1710 870 1770 ut
893 1704 1072 1787 Euripides
1099 1704 1169 1771 illis
1200 1705 1234 1770 in
1262 1707 1362 1771 rebus
1392 1703 1571 1770 enarrandis

360 1811 614 1898 acquiescat-
639 1818 736 1892 atque
764 1811 941 1894 praecipue
969 1813 1030 1878 hac
1059 1812 1094 1877 in
1125 1811 1297 1894 tragoedia
1325 1831 1423 1892 quam
1452 1810 1571 1876 fabulae
1687 1803 1688 1812 ’

360 1919 528 2003 satyricae
550 1918 622 1985 loco
648 1918 795 1985 docuerit
818 1957 875 2002 —,
904 1926 942 1985 ut
963 1919 1124 1985 Hercules
1148 1920 1220 2002 ipse
1242 1918 1334 1984 nulla
1357 1938 1458 1984 causa
1480 1918 1572 1984 allata

358 2027 393 2092 iu
414 2044 565 2092 scaenam
589 2044 784 2108 progressus
807 2026 956 2092 hocloco
980 2027 1015 2091 id
1038 2026 1192 2108 illustret,
1218 2027 1304 2106 quod
1320 2025 1463 2092 famulus
1486 2031 1572 2090 autea

359 2135 398 2199 de
429 2134 501 2216 ipso
532 2134 745 2200 nuntiaverat
756 2132 798 2219 ¹);
836 2140 946 2199 monet
977 2133 1062 2199 euim
1094 2153 1224 2200 servum
1254 2134 1397 2214 tristem,
1431 2138 1467 2197 ut
1495 2129 1572 2197 curis

358 2241 436 2308 virro
471 2240 576 2323 pulsis
609 2240 694 2304 diem
730 2246 859 2322 carpat,
896 2240 1017 2323 quippe
1049 2241 1105 2321 qui
1138 2241 1217 2322 quid
1251 2240 1297 2306 sit
1330 2240 1473 2306 futurum
1507 2255 1571 2304 cras

359 2348 486 2414 nesciat
509 2346 566 2432 (cf.
591 2367 621 2412 v.
641 2347 806 2432 773-80)
830 2347 851 2431 ).

447 2454 561 2534 Neque
591 2453 657 2519 alio
685 2456 780 2519 modo
809 2455 986 2537 Euripides
1017 2455 1050 2520 iu
1079 2455 1262 2539 Cyclope,
1293 2473 1376 2535 quac
1404 2450 1570 2519 Alcestidis

359 2562 529 2628 simillima
562 2567 612 2627 est
645 2559 773 2643 fabula,
806 2561 1041 2645 Polyphemum
1074 2562 1151 2628 vino
1185 2563 1310 2628 ebrium
1342 2559 1570 2643 spectatoribus

359 2670 511 2735 ostendit.
559 2669 684 2735 Chorus
719 2669 805 2735 enim
839 2669 906 2734 iam
940 2689 1000 2751 per
1034 2669 1166 2736 Ulixem
1202 2669 1324 2734 certior
1358 2675 1431 2733 erat
1464 2668 1567 2742 factm,

359 2777 487 2857 qualem
515 2796 551 2842 se
573 2776 781 2858 praebuisset
803 2776 944 2861 Cyclops
967 2776 1043 2844 vino
1067 2777 1199 2859 gravis;
1232 2777 1287 2857 qui
1309 2776 1392 2842 haec
1415 2771 1568 2840 renuntia-

360 2891 454 2950 verat
478 2883 522 2968 (v.
540 2883 725 2970 420-26):

573 2997 719 3087 ἡσθέντα
742 2997 771 3065 δ’
794 2996 894 3065 αὐτὸν
917 2997 961 3076 ὠς
985 2996 1181 3088 ἐπῃσθόμην
1205 2995 1276 3083 ἐγώ,

572 3103 673 3195 ἄλλην
697 3105 802 3173 ε”δωκα
825 3104 940 3173 κύλικα
962 3104 1147 3193 γιγνώσκων
1170 3104 1221 3173 ὅτι

571 3211 693 3302 τρώσει
716 3240 766 3280 νιν
790 3206 879 3290 σίνος
901 3215 957 3280 καί
981 3213 1074 3302 δίκην
1098 3211 1197 3281 δώσει
1220 3211 1315 3295 τάχα.

570 3322 624 3388 καί
650 3318 690 3409 δη
713 3319 798 3408 πρὸςΙ
822 3319 910 3406 ᾠδὰς
932 3313 1030 3410 εἷρπ’,
1055 3318 1116 3405 έγώ
1140 3318 1170 3387 δ’
1193 3317 1355 3405 ἐπεγχέων

571 3424 673 3516 ίίλλην
696 3425 747 3494 ἐπ’
770 3425 851 3516 ἄλλη
876 3425 1032 3514 σπλάγχν’
1056 3427 1257 3517 ἐθέρμαινον
1279 3431 1381 3512 ποτῷ.

572 3533 659 3623 ᾄδει
683 3534 724 3601 δέ
747 3533 854 3625 παρὰ
876 3535 1061 3602 κλαίουσι
1085 3532 1324 3612 συνναύταις
1347 3533 1457 3618 ε’μσῖς

571 3639 717 3726 ἄματα,
742 3641 856 3731 έπὴχει
880 3640 909 3709 d'
932 3639 1097 3732 inoff).

447 3769 511 3836 Sed
534 3787 596 3849 quo
619 3768 722 3835 risum
746 3769 966 3851 spectantium
988 3774 1148 3852 moveret,
1178 3767 1356 3850 Euripides
1386 3769 1493 3834 lacere
1514 3781 1570 3830 uon

450 4011 468 4082 ¹)
488 4011 547 4078 Quo
560 4009 639 4064 modo
652 4010 722 4076 quod
736 4011 867 4065 Herculeo
882 4011 1047 4064 Alcestidem
1060 4025 1119 4065 asse
1132 4015 1268 4064 mortuam
1282 4009 1396 4076 denique
1415 4006 1446 4062 iu
1460 4017 1569 4062 scaeua

358 4101 432 4169 ipsa
451 4102 591 4169 comperit,
611 4100 645 4154 ad
664 4099 735 4154 hauc
754 4100 862 4166 quidem
881 4103 1067 4167 quaestionem
1087 4099 1155 4153 nihil
1175 4101 1285 4155 attinet.

448 4191 469 4257 ²)
489 4190 530 4244 ef.
550 4189 747 4258 Wilamowitz‚
768 4189 874 4244 Griech‚
888 4190 971 4258 Trag.
992 4189 1035 4243 III
1054 4205 1078 4257 p
1094 4190 1143 4243 95:
1167 4187 1228 4258 „Ea
1246 4191 1283 4242 ist
1301 4203 1332 4242 ao
1347 4193 1405 4258 pot,
1429 4187 1470 4240 uls
1485 4179 1567 4250 εγὶιίίθ

358 4279 401 4334 die
423 4279 582 4334 mancam
599 4282 631 4334 ία
648 4279 707 4334 dem
728 4279 931 4335 Gustaimmert

447 4369 468 4438 ³)
487 4368 540 4435 Qui
565 4385 660 4424 versus
687 4369 848 4439 (425-26)
875 4385 961 4437 paena
979 4368 1061 4422 verbo
1086 4373 1167 4422 tenus
1194 4370 1352 4438 congruunt
1375 4381 1435 4420 cum
1455 4359 1563 4416 Δίοισί.

357 4474 381 4511 v.
397 4459 532 4512 760-62:

624 4507 728 4583 ίίμσυσ’
752 4509 873 4566 ὑλακτῶν
893 4557 898 4568 .
914 4557 918 4566 .
935 4558 940 4568 .

624 4598 638 4656 ὃ
657 4599 782 4673 μὲνγὰρ
802 4589 847 4671 ᾖδε
935 4608 1034 4656 οἰκέται
1056 4599 1082 4655 d'
1104 4606 1255 4671 ίκλαίομεν.
