3522 5310
942 255 985 320 58

379 451 443 517 Sol.
462 453 483 516 4
506 453 603 536 (115)
627 457 769 522 ἑκουσίων
785 457 884 543 Κῴων
907 455 949 522 ἑνὶ
971 459 1170 546 δωρουμένων
1193 458 1306 544 ἐκείνῳ,
1330 459 1397 546 περὶ
1420 455 1453 522 οὔ
1476 459 1551 545 πρὸς

378 563 514 640 ἅπαντας
538 567 615 652 ὁμοῦ
639 565 804 645 Μιλησίους
827 566 1026 652 ἐπολέμησαν.

470 667 564 732 Unde
587 675 678 753 patet
701 665 754 730 dei
779 665 900 730 dictum
925 665 966 730 ab
991 665 1053 731 hac
1075 667 1262 730 narratione
1294 664 1437 730 alienum
1464 687 1549 730 esse.

377 773 497 840 Postea
531 773 660 839 demum
696 795 737 837 ex
768 773 830 838 hac
861 771 971 838 fabula
994 771 1107 838 fictum
1132 783 1164 837 et
1186 772 1325 860 Pythiae
1349 773 1549 859 adscriptum

378 891 438 964 est,
470 890 567 968 atque
598 880 733 946 alterum
758 881 881 946 dietum
905 885 1016 952 οὔποτε
1038 888 1104 974 πρίν
1128 890 1188 946 etc.
1213 883 1309 945 etiam
1333 882 1441 945 minus
1465 880 1550 944 bene

378 990 547 1054 inventum
576 997 635 1053 est.
683 989 765 1052 Nam
791 987 843 1054 hic
867 987 907 1052 de
933 987 1017 1052 bello
1042 988 1223 1075 Meropum,
1256 987 1315 1053 Coi
1346 986 1473 1052 insulae
1503 989 1549 1051 in-

380 1095 534 1179 colatum,
567 1104 600 1159 et
623 1095 882 1182 Ionumagitur,
915 1117 1000 1183 quae
1024 1118 1078 1160 res
1103 1095 1144 1160 ad
1169 1096 1287 1161 lonum
1311 1097 1395 1160 inter
1423 1118 1459 1160 se
1483 1094 1550 1159 bel·

376 1201 443 1268 lum
462 1225 481 1267 a
499 1202 643 1268 Diodoro
664 1201 802 1268 relatum
819 1225 885 1268 non
901 1206 1050 1289 pertinet.
1090 1202 1247 1269 Clausala
1270 1224 1388 1268 versus
1413 1201 1551 1267 secundi

379 1315 411 1380 ὃν
432 1315 607 1404 Ἥφαιστος
636 1315 716 1402 κάμε
746 1315 860 1402 τεύχων
890 1333 933 1374 ex
956 1311 1100 1376 Homero
1124 1309 1162 1375 Il.
1187 1311 1220 1376 ll
1245 1311 1318 1376 101.
1366 1308 1450 1375 VIII
1476 1308 1548 1375 195.

377 1417 463 1482 XIX
493 1417 568 1483 368.
616 1417 681 1481 Vll
709 1417 775 1482 220
810 1418 1005 1505 deprompta
1038 1457 1082 1465 ——
1117 1421 1253 1484 variatio
1289 1417 1438 1482 lectionis
1474 1422 1552 1510 βάλε.

376 1531 475 1616 πόντῳ
499 1525 607 1588 minus
631 1523 717 1588 bona
740 1533 791 1588 est
821 1561 862 1570 -
890 1525 996 1610 tripus
1025 1523 1245 1612 mythologiae
1269 1524 1414 1590 tenebris
1438 1523 1542 1589 obvol-

377 1633 472 1696 vitur.
507 1631 631 1718 Versus
655 1629 788 1695 ulttmus
813 1653 855 1695 ex
878 1631 1023 1696 Homero
1047 1631 1083 1698 Il.
1101 1632 1176 1698 170
1201 1642 1233 1696 et
1256 1631 1402 1697 Hesiodo
1426 1631 1550 1716 Theog.

377 1739 420 1804 38
444 1741 575 1825 petitus,
600 1737 656 1803 ubi
676 1740 837 1825 sapientia
852 1738 956 1804 Musis
974 1739 1167 1822 vindicatur,
1193 1740 1234 1804 ad
1259 1761 1358 1804 unum
1382 1762 1400 1804 e
1425 1747 1552 1826 septem

377 1845 580 1932 sapientibus
603 1843 726 1911 relatus
750 1867 816 1910 non
841 1845 988 1933 quadrat,
1014 1849 1142 1911 etiamsi
1165 1869 1251 1912 unus
1274 1845 1398 1912 alterve
1421 1845 1550 1912 illorum

376 1953 572 2018 vaticinatus
605 1975 680 2018 esse
712 1951 826 2018 fertur.
872 1953 983 2041 Atque
1006 1953 1236 2041 Epimenidem
1264 1954 1455 2020 Cretensem
1485 1975 1550 2018 non

376 2059 495 2142 futura,
521 2058 581 2124 sed
603 2066 669 2152 rapi
692 2073 753 2128 τῶν
775 2067 947 2152 γεγονότων
968 2069 1031 2154 μέν,
1057 2067 1179 2147 ἀδήλων
1194 2069 1231 2131 δέ
1248 2063 1458 2126 vaticinatum
1475 2081 1549 2124 esse

376 2165 570 2231 Aristoteles
594 2166 692 2231 tradit
714 2167 807 2232 Rhet.
833 2167 884 2232 ΙΙΙ
910 2169 949 2232 17
974 2192 1006 2256 p.
1033 2170 1151 2235 14188
1174 2170 1215 2234 21
1230 2193 1279 2256 eq.

466 2273 568 2339 Vides
591 2275 690 2360 igitur
713 2275 800 2340 hunc
823 2275 985 2362 tripodem
1012 2278 1046 2340 in
1074 2277 1155 2342 mari
1185 2286 1353 2363 repertum
1383 2275 1467 2341 male
1495 2283 1550 2339 aut

378 2379 466 2446 nulla
489 2383 614 2447 ratione
638 2404 713 2446 cum
738 2393 862 2469 septem
888 2383 1090 2469 sapientibus
1114 2383 1301 2449 cohaerere.
1338 2383 1448 2464 Quare
1473 2405 1549 2448 con·

379 2487 550 2554 cludamus
574 2512 714 2554 necesse
739 2499 789 2554 est
812 2488 966 2555 fabellam
990 2490 1124 2556 alterius
1147 2492 1287 2578 tripodis
1319 2515 1393 2556 eum
1422 2500 1549 2578 septem

378 2595 580 2682 sapientibus
605 2596 811 2662 cohaerentis
834 2599 971 2685 eiusque
995 2601 1132 2685 praemii
1149 2601 1334 2664 certaminis
1359 2597 1547 2664 iamdudum

378 2704 545 2768 exstitisse
575 2713 607 2767 et
636 2703 733 2768 huius
765 2706 957 2769 memoriam
986 2706 1019 2768 in
1054 2704 1190 2770 alterum
1220 2706 1382 2792 tripodem
1409 2727 1549 2793 eumque

376 2813 411 2874 in
448 2811 530 2875 mari
568 2821 734 2897 repertum
774 2811 964 2877 translatam
1009 2835 1095 2878 esse.
1159 2813 1384 2894 Quamobrem
1422 2823 1548 2900 septem

378 2919 544 3003 sapientes
581 2917 621 2982 de
654 2919 834 3004 sapientiae
866 2919 975 3005 palma
1003 2929 1149 2985 certasse
1182 2922 1445 3007 antiquissimam
1474 2942 1547 2985 esse

376 3033 454 3110 puto
482 3026 713 3090 narrationem.
758 3025 869 3114 Atque
897 3025 994 3092 huius
1024 3029 1209 3093 certaminis
1239 3039 1378 3094 eventus
1407 3030 1548 3115 perscite

378 3133 581 3216 excogitatus
606 3142 658 3197 est
679 3135 842 3198 neminem
867 3145 993 3220 septem
1018 3136 1213 3221 sapientium
1238 3137 1356 3200 ceteris
1380 3145 1572 3222 praestare

378 3241 545 3325 sapientia,
587 3239 646 3304 sed
681 3240 741 3305 hos
778 3264 892 3306 omnes
929 3264 1058 3306 summa
1093 3243 1253 3329 sapientia
1292 3242 1434 3308 humana
1472 3265 1548 3307 esse

378 3367 516 3432 eamque
541 3347 582 3412 oh
608 3370 742 3412 causam
768 3369 1033 3435 unumquemque
1057 3372 1099 3413 ne
1124 3345 1304 3435 praemium
1333 3349 1374 3414 ab
1399 3348 1461 3414 alio
1486 3348 1549 3414 sibi

377 3452 598 3519 adiudicatum
619 3458 796 3542 acciperet,
820 3477 975 3520 recusare
1000 3467 1032 3521 et
1056 3459 1199 3522 omnium
1217 3458 1458 3543 sapientissimo
1483 3463 1503 3523 i.
1520 3481 1547 3521 e.

377 3582 442 3625 non
467 3560 600 3644 homini,
625 3562 685 3627 sed
708 3563 771 3628 deo
796 3584 1001 3629 consecrare.

468 3667 567 3734 Omni
601 3668 699 3736 laude
730 3670 849 3756 dignus
882 3681 933 3736 est
967 3671 1083 3736 doctus
1112 3680 1208 3758 poeta
1232 3671 1460 3752 Callimachus,
1493 3673 1548 3759 qui

377 3773 465 3840 illam
489 3776 530 3841 de
555 3777 682 3865 tripode
706 3780 740 3842 in
764 3781 846 3843 mari
869 3791 1000 3866 reperto
1025 3789 1057 3844 et
1085 3803 1160 3845 cum
1188 3789 1314 3866 septem
1345 3777 1548 3867 sapientibus

377 3883 553 3949 artificiose
583 3887 756 3950 coniuncto
780 3884 925 3952 fabulam
955 3909 1020 3952 non
1045 3886 1209 3966 exhibeat,
1239 3887 1299 3952 sed
1322 3886 1548 3953 Maeandrium

377 3991 542 4057 Milesium
553 3991 574 4079 ¹)
599 4002 731 4058 secutus
760 4005 870 4059 narret
893 3993 1084 4081 Bathyclem
1110 3995 1274 4060 Arcadem
1303 3993 1445 4080 phialam
1474 3993 1548 4058 reli-

379 4101 491 4188 quisse
516 4109 549 4164 et
571 4101 712 4165 iussisse
736 4103 980 4187 sapientissimo
1007 4102 1086 4168 dari.
1134 4105 1243 4189 Atque
1271 4102 1357 4166 hanc
1380 4099 1549 4188 Bathyelis

377 4216 525 4293 pateram
549 4230 609 4293 per
637 4216 764 4293 septem
789 4209 986 4295 sapientium
1011 4209 1124 4274 orbem
1154 4207 1376 4274 circumlatam
1401 4208 1506 4272 fuisse
1529 4230 1549 4272 a

378 4335 489 4401 puero,
516 4315 569 4378 cui
585 4312 707 4401 Thyrio
731 4337 850 4378 nomen
867 4315 995 4398 fuisset,
1019 4327 1236 4381 narraverunt
1251 4316 1402 4400 Diogene
1417 4314 1548 4379 Laertio

469 4545 490 4610 ¹)
511 4543 551 4598 De
571 4544 624 4598 hoc
642 4562 736 4598 rerum
755 4545 891 4615 scriptore
910 4545 973 4600 vide
993 4546 1167 4615 epimetrum.
