3522 5310
725 317 935 418 -έίί-

333 537 359 580 ο.
386 519 413 584 οί
437 520 579 600 Μιλήσιοι
610 519 823 602 ἀκολουθῆσαι
855 520 1037 608 βουλόμενοι
1066 529 1111 606 τῷ
1139 529 1264 608 χρησμῷ
1293 517 1417 602 Θάλητι

240 636 285 714 τῷ
317 627 454 714 Μιλησίῳ
488 635 549 691 τών
581 626 658 692 ἑπτά
688 635 789 716 σοφῶν
798 623 822 704 ¹)
859 629 896 691 τὸ
930 627 1080 715 ἀριστεῖον
1110 626 1277 715 ἐβούλοντο
1300 630 1415 692 δοῦναι.

241 737 295 798 τὸν
324 729 353 798 δ’
385 735 483 811 εἰπεῖν,
527 738 567 812 ὡς
591 735 646 799 οὐκ
669 733 734 799 ἔστι
756 737 876 798 πάντων
900 738 1092 824 σοφώτατος,
1135 735 1351 824 συμβουλεύειν
1380 737 1417 800 δέ

241 843 316 929 πρὸς
344 841 448 930 ἔτερον
479 845 602 928 πέμπειν
632 845 817 932 σοφώτερον.
867 841 966 928 τούτῳ
993 843 1031 905 δέ
1057 850 1102 927 τῴ
1135 844 1238 929 τρόπῳ
1273 844 1324 907 καὶ
1357 850 1419 906 τῶν

243 947 347 1013 ἄλλων
361 957 422 1012 τῶν
438 947 515 1012 ἑπτά
531 957 631 1037 σοφῶν
648 947 915 1034 ἀποποιησαμένων
931 950 984 1012 τὸν
999 949 1128 1036 τρίποδα
1143 949 1259 1014 Σόλωνι
1272 949 1419 1014 διδοσθαι

243 1057 385 1120 δοκοῦντι
413 1057 528 1132 πάντας
558 1055 735 1144 ἀνθρώπους
766 1055 1014 1145 ύπερβεβλήσθαι
1044 1058 1136 1145 συφίῳ
1159 1079 1194 1120 τε
1217 1059 1269 1122 καὶ
1293 1061 1417 1122 συνέσει.

243 1165 298 1227 τὸν
319 1165 356 1228 δὲ
379 1163 605 1251 συμβουλεῦσαι
628 1170 737 1228 τοῦτον
760 1163 1111 1228 ἀναθεῖναιἈπόλλωνι.
1135 1171 1246 1229 τοῦτον
1261 1167 1321 1252 γάρ
1346 1161 1420 1229 εἶναι

245 1273 419 1358 σοφώτερον
442 1273 572 1335 πάντων.

334 1374 365 1438 2.
391 1374 488 1458 Diog.
515 1374 621 1438 Laert.
647 1373 663 1436 I
687 1373 728 1438 27
757 1382 799 1442 τὰ
825 1379 862 1442 δὲ
889 1380 955 1466 περὶ
980 1381 1035 1443 τὸν
1058 1381 1188 1466 τρίποδα
1211 1383 1337 1469 φανερά,
1364 1381 1419 1445 τὸν

246 1485 411 1572 εὑρεθέντα
452 1487 507 1550 ὑπὸ
541 1494 602 1549 τῶν
641 1487 750 1550 ἀλιέων
779 1488 833 1550 καὶ
859 1486 1091 1575 διαπεμφθέντα
1124 1493 1189 1563 τοῖς
1223 1494 1328 1576 σοφοῖς
1363 1490 1418 1552 ὑπὸ

245 1599 300 1656 τοῦ
323 1593 423 1680 δήμου
446 1602 506 1657 τῶν
522 1594 684 1674 Μιλησίων.
732 1587 801 1673 (28)
823 1595 897 1683 φασὶ
915 1595 974 1681 γάρ
985 1593 1134 1671 Ἰωνικούς
1148 1617 1231 1671 τινας
1246 1597 1420 1671 νεανίσκους

247 1699 341 1786 βόλον
372 1699 525 1789 ἀγοράσαι
555 1704 638 1790 παρὰ
664 1702 817 1782 Μιλησίων
848 1703 968 1766 ἁλιέων.
1022 1701 1274 1777 ἀνασπασθέντος
1300 1704 1337 1766 δὲ
1363 1710 1420 1767 τοῦ

245 1809 388 1893 τρίποδος
416 1808 641 1897 ἀμφισβήτησις
667 1807 712 1890 ήν,
744 1808 800 1885 ἕως
827 1809 855 1873 οἱ
877 1809 1019 1890 Μιλήσιοι
1042 1807 1180 1896 ἔπεμψαν
1205 1809 1246 1886 εἰς
1272 1808 1417 1898 Δελφούς·

246 1915 297 1978 καὶ
322 1916 338 1980 ό
362 1914 435 1991 θεὸς
458 1915 582 2003 ἔχρησεν
611 1916 716 1992 οὕτως·
752 1913 860 2004 ἔκγονε
882 1919 950 1980 κτλ
1006 1917 1145 1980 διδόασιν
1179 1914 1229 1980 ούν
1254 1913 1356 2006 Θαλῇ,
1403 1917 1419 1980 ό

246 2023 283 2084 δὲ
306 2020 392 2109 άλλῳ
416 2026 469 2087 καὶ
492 2021 589 2100 ἄλλος
611 2021 698 2108 ἄλλῳ
722 2022 779 2101 ἔως
802 2023 949 2099 Σόλωνος.
998 2023 1014 2086 ό
1037 2024 1074 2086 δέ
1099 2021 1154 2112 ἔφη
1178 2025 1272 2113 σοφία
1301 2031 1419 2113 πρώτον

248 2125 321 2193 εἶναι
342 2132 396 2194 τὸν
420 2130 493 2194 θεδν
516 2133 568 2196 καὶ
592 2131 768 2196 ἀπέστειλεν
792 2131 833 2208 είς
855 2129 999 2220 Δελφούς.

336 2231 366 2296 3.
400 2233 496 2318 Diog.
530 2233 636 2298 Laert.
675 2233 691 2296 I
730 2234 771 2298 31
812 2236 909 2303 Ἔνιοι
941 2241 978 2302 δέ
1016 2260 1107 2327 φασιν
1146 2240 1200 2303 ὑπὸ
1235 2237 1419 2326 Περιάνδρου

249 2342 458 2430 ί·λρασυβυύλῳ
488 2353 532 2431 τῴ
556 2346 709 2426 Μιλησίων
731 2347 867 2434 τυράννῳ
890 2348 992 2411 πλοῖον
1016 2344 1169 2435 ἔμφορτον
1192 2344 1418 2426 ἀποσταλῆναι,

247 2458 302 2513 τοῦ
330 2453 366 2514 δὲ
389 2454 455 2539 περὶ
477 2455 533 2534 τήν
554 2453 647 2538 Κῴαν
671 2453 834 2518 θάλασσαν
861 2455 1090 2540 ναυαγήσαντος
1113 2454 1238 2540 ὕστερον
1261 2451 1420 2541 εὑρεθῆναι

247 2560 319 2644 πρός
340 2579 428 2622 τινων
451 2561 560 2625 ἀλιέων
583 2563 635 2624 τὸν
658 2563 798 2649 τρίποδα.
1212 2634 1213 2638 ς

336 2663 366 2725 4.
392 2661 486 2746 Diog.
512 2663 619 2728 Laert.
649 2664 666 2727 I
696 2663 738 2728 32
778 2667 891 2733 Ἀλλοι
920 2669 1009 2774 φαῴν
1047 2669 1308 2757 ἡφαιστότευκτον
1348 2663 1421 2732 εἴναι

250 2771 341 2836 αὐτὸν
367 2776 419 2838 καὶ
447 2773 580 2855 δοθῆναι
607 2777 681 2862 πρὸς
703 2783 758 2840 τοῦ
783 2775 858 2839 θεοῦ
882 2775 996 2840 Πέλοπι
1018 2781 1181 2863 γαμοῦντι·
1214 2772 1303 2851 αὖθίς
1324 2797 1360 2838 τε
1384 2775 1425 2850 εἰς

251 2879 407 2945 Μενέλαον
437 2881 538 2947 ἐλθεῖν
566 2884 619 2946 καὶ
648 2885 701 2946 σῦν
728 2883 896 2972 τῇἙλένη
920 2882 1118 2970 ἁρπασθέντα
1141 2884 1196 2946 ὑπὸ
1220 2875 1424 2970 Ἀλεξάνδρου

252 2986 367 3076 βιφήναι
396 2987 437 3066 εἰς
463 2992 518 3070 τήν
541 2989 636 3076 Κῴαν
659 2989 823 3054 θάλασσαν
845 2992 918 3078 πρὸς
940 2998 995 3072 τῆς
1017 2989 1174 3070 Λακαίνης
1196 2987 1343 3069 εἰπούσης,
1377 2991 1425 3054 ότι

249 3098 451 3184 περιμάχητος
489 3095 585 3162 ἔσται.
646 3100 742 3184 χρόνῳ
788 3100 825 3162 δέ
859 3097 1017 3185 Λεβεδίων
1051 3105 1138 3162 τινών
1173 3097 1285 3162 αότόθι
1318 3103 1423 3186 γρῖφον

251 3205 449 3292 ὠνησαμένων
480 3205 717 3293 καταληφθῆναι
746 3207 799 3269 καὶ
829 3206 885 3269 τὸν
913 3206 1054 3293 τρίποδα,
1087 3208 1265 3292 μαχομένων
1292 3205 1329 3268 δὲ
1352 3205 1426 3292 πρὸς

250 3313 324 3386 τοὺς
339 3312 445 3389 ἁλιέας
466 3313 610 3398 γενέσθαι
637 3314 691 3393 τήν
708 3309 818 3376 ἀνοδον
841 3311 898 3388 ἕως
914 3319 969 3392 τής
984 3313 1054 3376 Κῶ·
1078 3313 1130 3376 καὶ
1146 3315 1186 3388 ὡς
1202 3311 1291 3376 οὐδὲν
1305 3309 1423 3392 ἤνυτον,

252 3424 317 3494 τοῖς
343 3418 500 3500 Μιλησίοις
527 3420 712 3507 μητροπόλει
736 3417 802 3483 ούσι
825 3419 994 3505 μηνύουσιν.
1050 3419 1078 3484 οἱ
1110 3415 1141 3482 δ’
1166 3418 1267 3499 ἐπειδή
1302 3420 1424 3506 διαπρε-

250 3524 430 3614 σβευόμενοι
458 3527 641 3612 ἠλογοῦντο,
677 3529 749 3616 πρὸς
773 3530 845 3603 τοὺς
873 3526 983 3612 Κῴους
1006 3527 1182 3614 πολεμοῦσι.
1230 3528 1282 3590 καὶ
1303 3527 1425 3590 πολλῶν

251 3630 443 3720 ἑκατέρωθεν
471 3636 637 3699 πιπτόντων
660 3635 793 3699 ἐκπίπτει
816 3636 952 3722 χρησμὸς
972 3635 1079 3699 δοῦναι
1101 3641 1145 3718 τῷ
1169 3634 1349 3722 σοφωτάτῳ,
1372 3635 1424 3698 καὶ

252 3738 419 3828 ἀμφότεροι
454 3744 616 3830 συνῄνεσαν
647 3738 748 3832 Θαλῇ.
809 3737 875 3822 (33)
904 3741 920 3804 ό
950 3743 987 3806 δέ
1018 3743 1097 3829 μετὰ
1126 3742 1181 3821 τήν
1210 3741 1350 3828 περίοδον
1380 3749 1424 3825 τῷ

252 3845 379 3934 Διδυμεῖ
388 3848 695 3930 τίθησινἈπόλλωνι.
720 3850 821 3935 Κῴοις
834 3851 887 3937 μὲν
901 3847 951 3913 οόν
961 3855 1073 3913 τοῦτον
1086 3847 1221 3936 ἐχρήσθη
1238 3848 1292 3911 τόν
1304 3849 1424 3933 τρόπον·

404 3955 451 4020 Οὐ
474 3957 620 4045 πρότερον
642 3956 728 4039 λήξει
749 3963 847 4033 νεῖκος
869 3957 1017 4043 Μερόπων
1039 3957 1090 4019 καὶ
1113 3945 1228 4028 Ἰώνων,

402 4065 465 4150 πρὶν
487 4066 618 4152 τρίποδα
640 4065 782 4152 χρύσειον,
808 4062 840 4127 δν
858 4056 1033 4152 Ἥφαιστος
1057 4063 1134 4150 βάλε
1157 4063 1266 4148 πόντῳ,

404 4171 439 4234 ἐκ
460 4173 565 4248 πόλιος
586 4173 727 4260 πέμψητε
749 4173 802 4236 καὶ
824 4172 854 4247 ἐς
876 4172 973 4258 δόμον
997 4169 1106 4258 ἀνδρὸς
1127 4168 1236 4250 ἵκηται,

404 4275 437 4355 θς
458 4273 583 4368 σοφίοςέ)
606 4281 648 4342 τά
670 4273 698 4343 τ’
724 4280 815 4344 ἐόντα
837 4280 878 4341 τά
901 4273 930 4341 τ’
954 4279 1106 4365 ἐσσόμενα
1127 4278 1184 4366 πρό
1208 4270 1236 4339 τ’
1260 4275 1360 4354 ἐόντα,

252 4379 407 4467 Μιλησίοις
429 4384 475 4450 δέ·
504 4384 610 4474 ἔκγονε
632 4388 701 4451 κτλ.

253 4489 465 4589 *W
479 4521 549 4578 falso
569 4521 665 4592 Vogel.

361 4614 382 4674 ’ί
401 4610 442 4667 Of.
462 4611 546 4682 Diels,
567 4612 642 4666 Ροοί.
663 4611 763 4665 Philon.
784 4611 846 4682 Frg.
866 4629 892 4680 p.
913 4611 928 4665 7
948 4611 1010 4664 adn.
1032 4609 1073 4664 18.
