3522 5310
840 282 1052 382 A..

299 547 302 554 ,
358 478 466 561 fuerit,
501 478 696 544 documento
721 488 772 544 est
805 477 935 544 libellus
972 480 1028 565 qui
1064 479 1182 544 dicitur
1217 475 1385 565 popularis
1403 477 1533 543 ‘Diei

358 589 504 652 weisen
527 585 712 668 Meister’,
746 587 801 673 qui
825 584 1009 672 permulta
1032 584 1165 652 saecula
1188 587 1220 648 in
1245 587 1370 650 oriente
1394 593 1427 650 et
1450 586 1533 650 occi-

359 693 456 757 dente
481 716 608 758 summo
634 715 708 758 cum
732 693 840 758 studio
864 692 1079 760 lectitabatur.

820 1225 977 1384 Caput
1021 1225 1070 1334 V.

562 1441 613 1509 lte
637 1441 800 1529 praemio
823 1441 963 1528 septem
987 1441 1211 1528 sapientibus
1236 1441 1332 1510 dato.

446 1603 537 1670 Inter
553 1602 613 1667 hos
637 1605 727 1669 viros
752 1604 914 1690 sapientia
934 1613 1064 1691 praeter
1088 1614 1216 1668 ceteros
1242 1601 1442 1668 excellentes
1460 1604 1532 1688 quis

358 1714 576 1799 principatum
605 1710 775 1794 obtineret,
806 1733 965 1797 quaerere
990 1709 1128 1776 Graecis
1153 1709 1319 1797 placuisse
1348 1719 1445 1796 atque
1470 1708 1534 1772 hac

358 1842 394 1884 re
426 1818 637 1884 diiudicanda
671 1841 728 1885 eos
763 1841 963 1904 magnopere
992 1816 1171 1882 delectatos
1209 1841 1283 1882 esse
1317 1839 1382 1881 nou
1416 1819 1531 1880 mirum

358 1937 418 1996 ost.
481 1926 551 1990 Nec
603 1926 724 1991 desunt
773 1925 953 2012 permultae
1009 1929 1213 1991 narrationes
1259 1925 1357 1990 huius
1403 1922 1532 1988 fabulae

358 2035 493 2118 formae,
533 2033 715 2098 secuudum
751 2056 848 2119 quam
884 2031 930 2097 illi
966 2043 1092 2120 septem
1128 2033 1169 2098 de
1205 2031 1314 2120 palma
1351 2033 1532 2118 sapientiae

358 2150 575 2208 certaverunt.
621 2139 692 2205 Etsi
716 2162 801 2205 unus
835 2142 975 2227 scriptor
1006 2141 1091 2205 hanc
1122 2139 1266 2205 fabulam
1292 2140 1413 2204 diserte
1435 2137 1531 2203 nobis

359 2247 502 2330 tradidit,
537 2258 647 2312 tamen
683 2246 822 2312 eandem
858 2246 1010 2313 omnibus
1038 2247 1079 2313 de
1108 2249 1254 2334 praemio
1291 2246 1531 2334 sapientissimo

358 2354 467 2420 oblato
495 2353 736 2420 narrationibus
770 2352 909 2419 subesse
941 2353 1178 2440 intellegemus.
1236 2353 1345 2441 Atque
1376 2366 1412 2418 ut
1442 2361 1530 2416 certo

359 2460 557 2526 concludere
592 2463 769 2548 possimus,
806 2483 944 2527 necesse
980 2471 1030 2526 est
1058 2484 1097 2526 ea
1125 2483 1208 2549 qnae
1239 2461 1278 2525 de
1308 2461 1370 2525 hoc
1406 2469 1532 2544 septem

358 2571 554 2656 sapientium
579 2571 756 2634 certamine
776 2568 893 2634 tradita
917 2579 1001 2652 sunt,
1027 2568 1088 2634 sub
1113 2592 1177 2633 uno
1202 2577 1382 2656 conspectu
1399 2589 1532 2655 ponere,
1666 2641 1668 2646 ι

358 2699 422 2740 non
448 2687 483 2740 ut
498 2674 642 2742 Wulfins
666 2675 687 2745 l.
711 2675 731 2740 l.
757 2699 787 2763 p.
813 2677 853 2741 12
872 2717 903 2738 =
922 2677 986 2740 174
1003 2699 1051 2763 sq.
1070 2679 1126 2763 qui
1142 2674 1280 2741 fabellas
1304 2673 1393 2740 nullo
1418 2673 1532 2738 ordine

358 2786 527 2868 congessit
551 2793 583 2847 et
603 2782 699 2848 aliam
716 2784 834 2865 omisit,
859 2783 955 2847 aliam
980 2781 1100 2848 nullius
1125 2785 1220 2870 pretii
1244 2781 1385 2869 protulit,
1410 2779 1469 2846 sed
1494 2802 1532 2843 eo

361 2891 493 2976 quidem
518 2891 631 2956 ordine
655 2913 719 2977 quo
745 2891 901 2978 deinceps
926 2893 1130 2976 excogitatae
1155 2914 1231 2955 esse
1255 2890 1417 2955 videntur.

449 2997 472 3064 l.
517 2999 613 3084 Diog.
652 2999 759 3064 Laert.
799 2998 815 3061 I
854 2998 899 3063 30
937 3001 1104 3092 Ἀνδρων
1142 2997 1170 3068 δ’
1209 3004 1244 3067 ἐν
1288 3011 1338 3089 τῷ
1379 3002 1533 3089 Τρίποδι

353 3109 515 3198 Ἀργείους
553 3108 651 3176 ἆθλον
690 3111 799 3198 ἀρετῆς
836 3120 880 3196 τῷ
916 3113 1086 3198 σοφωτάτῳ
1122 3119 1183 3174 τῶν
1212 3100 1370 3192 Ἑλλήνων
1404 3110 1534 3196 τρίποδα

334 3241 340 3251 ·
358 3217 465 3282 θοῖναν·
483 3219 624 3306 κριδῆναι
634 3217 907 3307 δὲἈριστ-όδημον
921 3217 1123 3307 Σπαρτιάτην,
1138 3217 1170 3282 όν
1182 3225 1397 3306 παραχωρῆσαι
1409 3217 1532 3281 Χίλωνι.

447 3319 488 3386 ΙΙ.
515 3323 543 3385 l.
569 3319 704 3386 Diodor.
731 3321 781 3385 IX
805 3321 825 3386 3
850 3343 878 3390 a.
901 3329 967 3414 περὶ
994 3333 1050 3390 τοῦ
1079 3334 1192 3414 χρυσοῦ
1217 3327 1357 3412 τρίποδος
1380 3323 1531 3414 ἀμφισβ-

360 3434 478 3515 τῆσεως
501 3431 592 3512 οὔσης
613 3435 632 3513 ῆ
656 3431 758 3497 Πυδία
781 3431 906 3520 ἔχρησεν
930 3435 1039 3510 οὕτως·

373 3541 376 3549 ’
447 3537 554 3626 ἔκγονε
580 3541 729 3621 Μιλήτου,
764 3541 909 3628 τρίποδος
936 3545 999 3628 πέρι
1028 3539 1145 3630 Φοῖβον
1168 3541 1299 3627 έρωτῆςς

445 3649 491 3722 τίς
500 3643 524 3722 ¹)
549 3647 641 3734 συρίορ
663 3656 783 3735 πρῶτος
805 3649 934 3725 πάντων,
959 3648 1069 3713 τούτου
1092 3645 1208 3735 τρίποδ’
1235 3649 1328 3712 αὐδῶ.

446 3746 477 3811 b·
504 3753 531 3818 oi
554 3755 591 3817 δέ
614 3776 702 3842 φασιν
726 3752 837 3831 ἄλλως,
864 3755 911 3818 ὅτι
933 3758 1066 3842 πολέμου
1090 3759 1252 3843 γενομένου
1275 3762 1341 3830 τοῖς
1355 3751 1438 3819 Ἴωσι
1461 3757 1533 3842 πρὸς

358 3861 510 3942 ἀλλήλους
532 3863 585 3926 καὶ
606 3869 663 3926 rob
683 3863 825 3949 τρίποδος
847 3865 929 3950 παρὰ
945 3867 1099 3949 σαγηνέων
1115 3863 1328 3950 ἀνενεχθέντος
1344 3862 1533 3950 ἐπερωτῆσαι

356 3971 410 4032 τὸν
434 3969 506 4032 θεὸν
530 3971 596 4056 περὶ
618 3976 672 4050 τῆς
693 3970 893 4046 καταλύσεως
915 3978 969 4034 τοῦ
992 3973 1144 4058 πολέμου·
1169 3972 1188 4052 ἡ
1210 3971 1247 4034 δέ
1272 3969 1343 4059 ἔφη·

503 4075 613 4141 οὔποτε
637 4079 677 4164 μὴ
701 4076 779 4166 λήξῃ
801 4080 935 4166 πόλεμος
957 4079 1102 4164 Μερόπων
1125 4080 1177 4141 καὶ
1195 4077 1310 4154 Ἰώνων,

500 4185 564 4272 πρὶν
587 4185 717 4270 τρίποδα
740 4184 885 4271 χρύσειον,
912 4183 943 4249 ὃν
962 4184 1133 4274 Ἥφαιστος
1155 4187 1236 4272 κάμε
1258 4183 1379 4273 τεύχων,

501 4291 537 4354 ἐκ
560 4293 673 4377 μέσσου
696 4291 836 4379 πέμψητε
858 4295 910 4358 καὶ
933 4293 964 4368 ές
985 4294 1083 4379 δόμον
1107 4291 1217 4379 ἀνδρὸς
1240 4292 1351 4373 ἵκηται,

502 4397 535 4474 ὃς
557 4399 649 4486 σοφία
672 4400 713 4461 τά
735 4392 764 4461 τ’
789 4399 880 4464 ἐόντα
902 4401 944 4464 τά
965 4393 993 4463 τ’
1019 4399 1170 4487 ἐσσόμενα
1191 4401 1405 4488 προδέδορκεν.

449 4571 469 4633 ¹)
490 4568 531 4623 cf.
551 4567 637 4639 Diels,
657 4569 773 4624 Hermes
793 4569 884 4623 XXIV
904 4569 997 4638 (1889)
1018 4589 1043 4640 p.
1063 4569 1125 4624 306.
