3496 5310
603 1279 862 1383 Addenda
899 1300 946 1383 et
983 1277 1304 1416 Corrigenda.

336 1653 404 1722 Pag.
423 1654 453 1720 l,
473 1653 515 1707 31.
554 1651 664 1707 Kellerc
694 1668 807 1707 suasore
834 1653 944 1708 Docilia
972 1653 1116 1723 legendum
1145 1655 1285 1722 existimo,
1314 1656 1476 1722 praesertim
1504 1669 1565 1710 cum

442 1741 573 1796 Doliclroa
608 1741 698 1796 forma
738 1757 901 1808 quamquam
937 1742 1027 1797 locum
1064 1759 1119 1796 nou
1155 1743 1308 1813 significat,
1344 1745 1565 1799 terminationem

444 1831 578 1885 Graecam
597 1836 742 1886 servatura
761 1837 841 1887 esset.

336 1951 370 1958 -
390 1920 432 1990 18,
446 1921 488 1975 23.
520 1921 752 1976 'terminationem
766 1921 898 1976 Graecam
918 1943 958 1976 -αι
976 1922 1037 1978 ideo
1057 1937 1111 1976 uon
1129 1922 1222 1990 attuli,
1241 1922 1312 1990 quad
1326 1923 1406 1990 plana
1418 1923 1565 1992 respondet

443 2011 561 2064 Latinae
579 2027 632 2068 -ca

336 2129 367 2139 -
390 2100 432 2168 20,
451 2100 476 2156 3.
514 2099 626 2155 &malea
645 2099 709 2170 legi,
728 2115 892 2168 quamquam
910 2103 999 2155 minor
1017 2117 1081 2170 para
1100 2101 1223 2156 codicum
1241 2101 1311 2156 hauc
1328 2101 1564 2161 formantuetur.

443 2189 510 2243 Oum
529 2188 559 2244 Ο.
574 2189 684 2244 Kellerc
702 2192 750 2257 qui
768 2190 818 2245 has
837 2190 983 2245 adnotavit
1001 2190 1145 2245 lectiones:

530 2279 623 2333 ramola
639 2300 674 2350 τχ
693 2280 716 2344 (ς
734 2279 810 2334 codd.
826 2279 890 2349 Cn),
908 2280 988 2334 aemcl
1006 2297 1037 2334 aa
1053 2279 1084 2348 B,
1103 2279 1210 2334 cernelea
1228 2297 1246 2348 y
1265 2285 1294 2335 et
1307 2279 1425 2335 Semelae
1444 2281 1563 2349 scripsit,

443 2367 535 2421 lacere
560 2383 614 2422 ncn
640 2383 758 2436 possum.
796 2369 867 2423 idem
893 2371 936 2422 vir
962 2369 1059 2424 doctus
1083 2371 1199 2435 quaein
1218 2369 1474 2439 Epilagcmeniaad
1493 2369 1565 2424 hune

442 2471 551 2511 versum
570 2458 676 2525 attulit,
696 2458 761 2512 mihi
775 2474 829 2512 ncu
842 2464 1039 2526 persuaserunt
1052 2459 1199 2513 Horatium
1211 2460 1239 2512 in
1253 2459 1419 2514 carminibus
1432 2459 1564 2514 Graecam

442 2545 560 2600 formam
591 2563 645 2600 ncn
676 2547 841 2604 adhibuisse.
885 2547 926 2602 ef.
955 2563 1024 2614 quae
1055 2548 1088 2602 de
1118 2549 1255 2618 geneliria
1285 2547 1474 2617 Propertiauiu
1507 2547 1564 2602 dixi

442 2651 504 2705 pag.
518 2637 561 2702 20,
581 2635 613 2690 cle
632 2637 740 2690 ratione
758 2636 914 2690 Horatiana
932 2651 995 2706 pag.
1009 2637 1052 2694 54.

336 2755 370 2762 -
390 2723 433 2784 29.
452 2725 476 2779 2.
514 2724 575 2794 lege
592 2723 719 2795 ‘caculae
738 2725 838 2780 ortum'
859 2741 907 2793 pro
926 2724 1054 2795 ‘aarum
1072 2725 1176 2781 orbem’.

336 2843 369 2852 -
389 2811 481 2881 38,1.
519 2813 595 2880 Quod
615 2814 645 2869 Ο.
660 2813 753 2868 Keller
771 2815 904 2869 Aclrillam
927 2830 988 2869 cum
1010 2815 1179 2884 Antiphaten
1202 2819 1344 2883 comparat
1367 2819 1396 2868 et
1419 2815 1451 2869 de
1473 2815 1563 2869 forma

443 2903 611 2972 Antaptaten
634 2905 663 2958 iu
687 2903 793 2972 Epileg.
814 2905 849 2959 ad
868 2909 921 2958 art.
941 2909 1012 2972 poet.
1033 2906 1084 2959 145
1107 2904 1174 2959 haec
1198 2903 1277 2959 dicit:
1301 2903 1382 2960 ‘Hier
1401 2905 1460 2959 alac
1477 2905 1564 2960 aiclrer

444 3009 497 3060 -ea,
515 2993 644 3047 wliltread
662 3009 685 3050 c.
699 2997 752 3048 120
764 2993 897 3048 Achillem
915 2995 966 3048 mit
984 2993 1163 3048 latalaierter
1175 2994 1297 3064 Endurtq
1313 2995 1355 3048 ala
1367 2996 1412 3050 eta
1424 2993 1563 3064 alllrtqllcla

441 3087 591 3152 caecante
602 3082 690 3138 Recita
707 3083 756 3137 der
773 3081 897 3151 Vorreit',
917 3083 944 3136 id
957 3083 1086 3151 improbo.
1114 3099 1178 3136 nam
1189 3083 1315 3138 Aeliillm
1334 3085 1442 3138 omnino
1460 3084 1563 3137 dictum

443 3186 497 3224 ucn
517 3185 576 3226 esse
595 3188 611 3226 a
629 3177 712 3240 poeta
730 3172 851 3226 Graecae
869 3173 982 3242 linguae
999 3171 1089 3240 perito
1108 3188 1195 3239 neque
1213 3188 1275 3228 cum
1286 3173 1455 3241 Antiphaten
1473 3171 1564 3226 forma

443 3262 596 3328 comparari
614 3275 694 3329 pocae
713 3261 856 3316 contendo.
