3442 5324
898 312 918 375 8

294 527 345 606 72,
363 555 390 593 ιε
437 525 490 589 καὶ
522 522 652 600 anianus·
690 522 877 611 dnaptoae'-
935 526 1073 590 Phaedr.
1104 525 1219 590 2301)
1255 523 1368 610 dicato
1396 522 1457 608 γὰρ
1485 522 1516 590 ot‘

337 656 428 707 urorg
475 629 674 712 συνέπεσθε,
722 629 878 719 καθάπερ
977 629 1018 696 τὰ
1070 635 1233 697 πεινῶντα
1289 631 1517 720 θρέμματα

341 736 425 825 πρὸς
472 735 621 802 θαλλὸν
667 735 706 802 τὰ
745 736 878 826 θρὲμ-
978 735 1259 826 dalidvr‘jrrru
1280 736 1406 826 καρπὸν
1426 764 1519 827 προ-

336 869 449 929 ματα.
979 845 1121 921 σείοντες
1144 841 1289 928 ἄγουσιν.

382 989 501 1054 Omnes
524 989 624 1070 locos,
650 1009 729 1070 quos
753 989 847 1053 modo
872 989 986 1068 attuli,
1012 989 1140 1054 Aeneas
1164 1007 1298 1070 prorsus
1323 1009 1340 1053 e
1364 995 1520 1054 contextu

293 1096 454 1161 orationis
478 1096 627 1160 Platonis
659 1095 797 1162 divellit.
846 1097 950 1179 Quam
981 1099 1021 1161 ob
1050 1115 1118 1161 rem
1150 1097 1281 1177 longum
1314 1115 1384 1162 esse
1414 1116 1519 1176 neque

292 1203 404 1286 magni
428 1202 528 1284 pretii
552 1203 668 1284 putavi
692 1205 875 1284 ostendere,
907 1204 1065 1282 quomodo
1090 1204 1219 1267 Aeneas
1245 1206 1346 1268 verba
1369 1203 1521 1269 Platonis

293 1311 327 1375 in
352 1309 518 1392 dialogum
541 1329 633 1375 suum
659 1309 844 1375 inseruerit.

382 1436 473 1518 Quae
497 1453 567 1500 cum
594 1434 641 1499 ita
664 1434 740 1516 sint,
771 1436 922 1499 accedam
947 1436 989 1499 ad
1017 1435 1249 1516 gravissimam
1274 1435 1520 1502 dissertationis

292 1548 429 1623 partem,
447 1559 511 1620 qua
528 1542 768 1622 demonstrabo
794 1561 890 1622 quae
914 1540 1134 1607 similitudo
1159 1542 1391 1607 inveniatur
1414 1543 1521 1607 inter

293 1648 517 1713 sententias
541 1650 696 1712 Aeneae
724 1654 761 1712 et
784 1647 976 1714 Platonis.
1024 1649 1089 1713 Hic
1113 1655 1220 1714 autem
1246 1649 1407 1730 imprimis
1431 1669 1520 1713 com-

293 1756 535 1820 memorandum
553 1761 602 1819 est
617 1755 760 1820 Aeneam
777 1755 969 1836 saepissime
986 1756 1114 1835 quidem
1131 1756 1313 1821 sententias
1331 1756 1517 1837 philosophi

293 1860 385 1926 illius
399 1860 627 1941 illustrissimi,
641 1863 747 1940 quoad
761 1881 823 1926 non
838 1863 1054 1926 abhorrerent
1067 1881 1086 1926 a
1099 1862 1233 1942 placitis
1246 1861 1517 1944 Christianorum,

294 1967 328 2032 in
344 1987 436 2033 suum
453 1968 619 2050 dialogum
644 1969 832 2050 inseruisse,
857 1968 1051 2050 saepissime
1068 1969 1277 2034 adversarios
1294 1969 1519 2035 confutavisse

293 2082 513 2141 recurrentem
538 2076 580 2140 ad
595 2074 767 2140 Platonem
791 2082 827 2141 ut
843 2076 886 2140 ad
909 2076 1149 2156 auctoritatem,
1175 2076 1228 2141 cul
1251 2076 1322 2142 sine
1343 2077 1519 2158 reprehen-

293 2183 385 2248 sione
416 2183 609 2247 credendum
640 2189 739 2262 esset,
769 2202 933 2263 nunquam
964 2191 1072 2249 autem
1105 2183 1254 2248 doctrina
1278 2183 1428 2249 Platonis
1459 2183 1518 2248 ad-

294 2291 423 2354 ductum
448 2309 518 2354 esse
542 2295 578 2354 ut
594 2291 749 2370 crederet,
775 2310 858 2370 quae
874 2291 984 2355 aliena
1008 2297 1118 2356 essent
1140 2311 1161 2355 a
1185 2291 1337 2372 dogmate
1354 2290 1515 2356 Christia-

293 2414 416 2462 norum.
464 2398 567 2480 Quam
600 2399 640 2462 ob
672 2416 739 2461 rem
771 2383 810 2462 ne
834 2398 967 2463 Platoni
996 2399 1125 2478 quidem
1153 2398 1275 2480 parcit,
1308 2398 1428 2479 quippe
1459 2397 1516 2477 qui

294 2522 376 2568 unus
406 2503 506 2567 luerit
535 2502 702 2584 emultis,
734 2505 790 2583 qui
814 2504 1014 2569 crediderint
1051 2504 1178 2568 animas
1209 2504 1274 2568 iam
1305 2505 1397 2586 prius
1420 2504 1517 2570 vivas

294 2609 461 2675 exstitisse
495 2629 672 2690 rursusque
705 2611 869 2676 redituras
904 2631 974 2676 esse
1011 2612 1043 2675 in
1078 2631 1217 2692 corpora
1249 2611 1320 2678 sive
1352 2611 1517 2676 hominum

294 2717 365 2782 sive
388 2716 577 2781 bestiarum.
626 2718 719 2800 Quod
750 2724 785 2782 ut
818 2720 1048 2798 demonstrem,
1078 2720 1274 2782 enumerabo
1306 2718 1394 2783 locos
1426 2718 1517 2782 simi-

293 2825 341 2890 les
379 2824 530 2889 Platonis
573 2830 606 2888 et
635 2826 781 2906 Aeneae,
832 2832 930 2905 atque
974 2824 1113 2906 primurn
1156 2824 1293 2890 afferam
1336 2823 1518 2889 sententias

293 2931 444 2996 Platonis
475 2933 516 2996 ab
548 2932 660 2997 Aenea
691 2933 911 3014 vituperatas,
945 2938 1012 2996 tum
1052 2932 1141 2996 locos
1171 2932 1322 2997 Platonis
1359 2951 1424 2996 non
1459 2935 1518 2996 ah-

293 3039 462 3103 horrentes
498 3057 518 3102 a
553 3038 703 3104 doctrina
728 3040 878 3104 Aeneae.
933 3041 1040 3118 Atque
1076 3039 1269 3120 saepissime
1305 3039 1520 3104 inveniuntur

293 3144 359 3210 loci
382 3145 533 3210 Platonis
564 3148 605 3210 ab
630 3146 742 3210 Aenea
770 3146 933 3211 confutati
963 3146 999 3210 in
1026 3145 1134 3227 prima
1158 3145 1284 3228 dialogi
1313 3153 1421 3228 parte,
1453 3165 1518 3226 qua

293 3259 461 3318 enumerat
484 3253 633 3318 diversas
657 3252 837 3318 sententias
860 3253 1142 3335 philosophorum,
1172 3253 1226 3333 qui
1252 3252 1422 3319 docuerint
1446 3253 1519 3318 uni-

292 3379 378 3425 mam
402 3360 468 3425 iom
492 3369 666 3441 antequam
691 3367 769 3425 nata
794 3366 894 3442 esset,
924 3361 1049 3426 vixisse
1074 3368 1106 3426 et
1129 3367 1203 3442 post
1226 3367 1362 3425 mortem
1392 3361 1424 3425 in
1449 3360 1518 3425 alia

293 3487 432 3548 corpora
461 3467 532 3534 slve
563 3467 726 3533 hominum
758 3467 828 3534 sive
859 3468 1038 3533 bestiarum
1070 3468 1286 3550 migraturam
1315 3487 1395 3532 esse.
1443 3467 1518 3533 Non

293 3581 400 3640 autern
433 3575 554 3655 omnia,
588 3593 670 3654 quae
695 3574 823 3638 Aeneas
855 3573 966 3655 affert,
998 3575 1052 3639 hic
1080 3577 1279 3656 proferenda
1307 3581 1397 3656 sunt,
1429 3594 1519 3639 com-

292 3683 388 3764 plura
419 3683 504 3748 enim
536 3703 553 3746 e
576 3681 706 3746 Plotino
738 3683 856 3747 hausta
889 3701 959 3748 esse
990 3683 1055 3747 iam
1081 3683 1206 3748 Russus
1230 3681 1273 3767 (p.
1292 3681 1436 3764 34-38)
1461 3683 1519 3746 de-

292 3789 498 3856 monstrauit.
535 3790 657 3855 Exstat
679 3794 786 3854 autem
811 3790 845 3854 in
870 3791 930 3856 illa
953 3790 1101 3856 oratione
1127 3809 1144 3854 e
1166 3789 1297 3855 Plotino
1324 3791 1519 3870 deprompta

292 3898 397 3978 locus
431 3897 574 3976 quinon
606 3896 773 3962 invenitur
804 3899 890 3978 apud
914 3898 1017 3978 illum,
1051 3899 1107 3962 sed
1133 3899 1267 3963 haustus
1299 3904 1348 3962 est
1379 3915 1419 3960 ex
1442 3895 1518 3977 ipso

292 4005 438 4069 Platone.
497 4004 619 4070 Exstat
657 4005 691 4069 in
729 4005 834 4086 primo
874 4005 996 4085 capite,
1038 4003 1091 4070 ubi
1132 4003 1280 4085 quaestio
1319 4003 1518 4086 instituitur,

292 4118 398 4176 utrum
431 4111 541 4176 anima
565 4112 761 4176 necessitate
792 4119 867 4176 acta
898 4132 940 4176 an
964 4132 1024 4176 sua
1052 4119 1168 4194 sponte
1191 4131 1304 4176 rursus
1336 4111 1519 4176 interram

291 4225 431 4284 ventura
454 4219 514 4283 sit:

291 4361 359 4442 6,ιο
388 4361 443 4426 καὶ
468 4358 604 4426 ἐπειδὰν
628 4360 645 4426 ὁ
668 4365 735 4448 τῆς
758 4360 876 4450 >edane
930 4363 1068 4427 Phaedr.
1095 4362 1207 4426 247ss
1237 4360 1375 4448 potua
1408 4357 1468 4448 γὰρ
1499 4359 1520 4425 ὁ

335 4465 458 4543 ‘t'nnoq
489 4468 629 4554 fretun,
669 4465 736 4534 dim
765 4467 875 4552 μένειν
974 4473 1042 4556 πῆς
1069 4466 1186 4556 κάκης
1209 4466 1332 4545 ἵππος
1360 4465 1518 4552 μετέχων,
