3442 5324
738 423 780 485 11‘

652 513 861 520 -..-—-—-

146 653 214 699 mus
239 632 279 721 ,,ἡ
307 631 367 716 μὲν
396 631 495 720 σκηνὴ
522 636 582 700 τοῦ
606 632 775 723 δρόματος
804 632 837 700 ἐν
864 631 992 722 Θήβαις
1019 629 1229 711 ύπόκειται“,
1259 633 1369 699 facere
1476 725 1478 729 ι

145 761 207 807 non
221 759 392 824 possumus
408 742 487 822 quin
512 761 553 807 ex
568 745 666 809 rebus
683 743 767 824 ipsis
783 742 877 808 illum
893 742 1000 808 locum
1016 741 1189 807 enucleare
1205 759 1366 808 conemur.

231 848 332 930 Initio
356 849 443 915 enim
472 847 607 916 sabinae
630 849 689 916 vix
712 851 865 917 Eteocles
889 849 979 917 cives
1003 848 1199 916 convocavit
1222 866 1302 929 quos
1326 848 1369 912 ad

144 955 262 1022 bellum
296 952 527 1038 inflammaret,
563 976 635 1022 cum
669 957 805 1024 nuntius
837 957 988 1024 advenit:
1035 957 1146 1023 hostes
1177 955 1266 1021 inter
1297 973 1369 1021 sese

144 1063 384 1145 coniuravisse,
414 1069 452 1129 ut
474 1064 659 1131 vehementi
689 1064 814 1145 impetu
841 1067 955 1131 urbem
982 1064 1213 1146 opprimerent.
1261 1061 1369 1142 Atque

143 1173 215 1237 dum
232 1171 386 1237 Eteocles
409 1176 536 1237 statuas
560 1172 693 1238 deorum
716 1172 751 1237 in
771 1190 892 1238 scaena
914 1171 1042 1255 positas
1067 1171 1181 1256 (v.94,
1202 1169 1274 1251 185,
1293 1170 1367 1252 212,

143 1278 216 1360 258,
235 1277 313 1363 265)
337 1285 505 1361 precatur,
530 1285 566 1344 ut
589 1281 703 1345 urbem
726 1285 894 1361 tueantur,
919 1279 1037 1345 chorus
1061 1277 1228 1360 virginum
1251 1277 1369 1344 timore

141 1386 392 1466 pertemitarum
420 1386 565 1452 accurrit
587 1392 686 1467 atque
709 1386 826 1468 primis
854 1386 937 1469 ipsis
961 1385 1073 1452 verbis
1101 1405 1136 1452 se
1159 1386 1269 1452 hostes
1293 1402 1369 1450 oon-

141 1491 268 1574 spicere
292 1493 595 1576 appropinquantes
618 1494 789 1577 significat
812 1514 842 1560 v.
860 1494 1009 1560 80-82:

355 1609 418 1696 ῥεῖ
438 1607 562 1686 πολύς
585 1607 651 1676 ὅδε
674 1605 770 1686 λειδς
793 1606 1022 1699 πρόδρομος
1045 1605 1233 1685 ἱππότας·

357 1713 495 1806 αἰδιρὶα
518 1714 608 1794 κόνις
630 1742 673 1802 με
694 1717 811 1785 πείθει
834 1713 975 1805 (paceio,

256 1866 257 1870 =
356 1819 500 1900 ἄναυδος
523 1821 633 1913 σαφὴς
656 1821 776 1908 ἔτυμος
798 1821 939 1909 ἄγγελος.

232 1942 304 2025 Qua
339 1960 375 2006 re
410 1941 543 2007 chorum
573 1947 713 2024 apparet
746 1941 853 2008 locmn
884 1943 1044 2022 quendam
1074 1947 1199 2022 tenere,
1236 1942 1275 2006 de
1306 1959 1369 2021 quo

139 2050 252 2114 hostes
281 2049 310 2114 si
339 2049 446 2115 minus
473 2048 636 2131 singulos,
666 2055 813 2115 attamen
841 2049 1011 2115 universos
1035 2048 1225 2130 conspicere
1254 2047 1368 2129 possit.

141 2158 250 2236 Atque
274 2156 360 2221 idem
384 2157 626 2222 demonstratur
648 2155 799 2224 versibus
826 2157 988 2238 124-26,
1013 2155 1130 2237 quibus
1154 2155 1272 2221 chorus
1296 2173 1369 2236 sep-

140 2269 205 2329 tem
232 2265 348 2330 ducum
373 2262 573 2345 Argivorum
598 2263 682 2330 facit
703 2264 918 2330 mentionem:

356 2375 441 2444 ἑπτὰ
465 2375 495 2445 δ’
512 2375 670 2468 ἀγάνορες
693 2377 877 2469 πρέποντες
901 2383 1044 2468 στρατοῦ

357 2487 535 2575 δορυσσοῖς
558 2491 675 2571 σαγαῖς
698 2484 844 2564 πύλαις
866 2482 1057 2573 ἑβδόμαις

356 2593 647 2681 προσίστανται
670 2592 779 2680 πόλῳ
804 2591 998 2676 λαχόντες.

232 2712 323 2795 Quae
352 2729 423 2777 cum
454 2711 503 2777 ita
531 2711 611 2795 sint,
647 2711 900 2794 haudquaquam
932 2719 1041 2794 potest
1070 2713 1158 2794 fieri,
1194 2719 1231 2778 ut
1262 2712 1368 2777 forum

139 2819 327 2884 Thebarum
361 2837 432 2884 esse
463 2819 569 2884 locum
603 2819 841 2903 existimemus,
875 2839 937 2900 quo
968 2839 1021 2886 res
1052 2824 1194 2904 agantur
1204 2818 1245 2905 ¹);
1287 2818 1369 2884 illud

139 2926 227 2990 enim
251 2925 360 2990 media
382 2925 418 2990 in
441 2928 521 2992 urbe
541 2925 629 2992 inter
652 2926 753 2993 colles
777 2932 850 2993 erat
865 2927 964 2993 situm
989 2927 1045 3012 (cf.
1070 2926 1204 2992 Arriam.
1222 2926 1366 2992 Anabas.

138 3032 154 3096 Ι
180 3033 211 3113 8,
222 3032 267 3117 6),
291 3034 377 3098 unde
400 3033 510 3099 hostes
534 3034 591 3113 qui
616 3041 711 3099 extra
734 3034 863 3100 moenia
886 3040 998 3101 castra
1021 3040 1200 3117 posuerant
1223 3033 1370 3114 conspici

137 3157 204 3206 non
229 3144 392 3222 poterant.
440 3139 547 3220 Atque
571 3141 704 3205 chorum
734 3141 769 3206 id
802 3143 887 3221 quod
916 3143 955 3206 de
982 3141 1133 3208 hostibus
1161 3139 1303 3223 profert,
1333 3159 1369 3206 re

137 3266 220 3313 vera
245 3246 349 3313 oculis
364 3248 486 3329 videre,
510 3266 575 3313 non
596 3248 694 3313 fando
719 3249 886 3315 audivisse
911 3253 1076 3331 procerte
1100 3254 1152 3314 est
1174 3248 1368 3331 habendum,

138 3354 226 3434 quod
256 3353 410 3420 Eteocles
443 3354 616 3435 quicquam
648 3357 687 3421 de
720 3355 861 3421 hostium
892 3355 1029 3422 consilio
1063 3375 1122 3438 per
1152 3359 1266 3422 urbem
1294 3374 1369 3437 per-

138 3461 273 3544 vulgari
296 3461 403 3528 vetuit
426 3459 469 3547 (v.
489 3460 576 3547 250).
624 3461 685 3529 Oui
708 3463 758 3528 rei
782 3463 982 3530 conveniunt
1004 3483 1119 3531 versus
1144 3464 1315 3529 284-86:

355 3575 416 3662 ἐγὼ
440 3574 469 3644 δ’
492 3574 690 3667 ἐπάρχους

354 3683 402 3760 εἰς
425 3681 630 3766 ἑπτατειχεῖς
653 3684 788 3770 ἐξόδους
810 3684 911 3770 τάξω
934 3685 1055 3772 μολών,

353 3793 448 3881 πρὶν
471 3789 656 3878 ἀγγέλους
680 3791 899 3882 σπερχνούς
922 3795 1049 3861 τεκαὶ
1072 3792 1350 3885 ταχυρρόθους

353 3895 491 3984 λόγους
515 3897 678 3968 ἱκέσθαι
699 3901 756 3966 καὶ
779 3898 911 3990 φλέγειν
934 3900 1048 3990 χρείας
1071 3899 1147 3970 ὕπο.

230 4018 339 4098 Atque
361 4018 469 4084 locum
493 4036 556 4098 quo
586 4019 704 4084 chorus
728 4019 880 4102 confugit
903 4019 1074 4086 sublimem
1103 4039 1175 4087 esse
1198 4019 1367 4102 exipsius

140 4124 253 4191 verbis
276 4131 386 4206 potest
410 4125 560 4191 concludi
584 4125 635 4190 his
660 4123 703 4211 (v.
722 4125 926 4213 240-241):

406 4238 600 4330 ταρβοσύνῳ
623 4238 719 4330 φόβῳ
742 4238 834 4309 τόνδ’
850 4241 907 4309 ε’πὶ
931 4239 1068 4320 σκοπὰν,

406 4347 519 4432 τίμιον
542 4347 625 4434 ἕδος,
650 4346 769 4432 ἱκόμαν
793 4349 849 4436 (cf.
874 4371 905 4417 v.
924 4350 1012 4436 824).

230 4537 248 4605 ¹)
269 4535 346 4602 Quod
373 4536 462 4590 voluit
488 4536 733 4604 Wilamowitzim,
760 4537 852 4592 Herm.
873 4537 939 4590 XXI
962 4553 986 4604 p.
1001 4536 1067 4603 608,
1099 4537 1177 4591 ouius
1201 4539 1366 4593 sententiam

141 4627 262 4681 correxit
281 4625 480 4680 Bodensteiner
498 4626 515 4680 Ι.
531 4643 552 4680 o.
572 4641 597 4694 p.
611 4627 664 4680 650
683 4626 775 4683 adnot.
790 4627 814 4681 1.
