3522 5310
720 279 846 376 ‚23

1381 476 1388 490 Ι

1394 501 1400 516 0

236 475 323 539 darm
348 472 507 539 natttrlicb
532 473 590 538 der
614 473 801 558 Gastgeber
825 475 914 539 nicht
942 476 999 539 mit
1021 474 1151 560 gezablt
1174 475 1263 556 wird,
1296 475 1354 539 dor
1373 499 1412 562 ya

235 581 320 646 uach
345 582 435 647 einer
459 580 676 646 verbreiteten
702 581 871 646 Tradition
896 582 1074 647 Periander
1099 587 1195 647 war.“

326 687 466 754 (lainam
489 687 513 754 J
515 685 618 752 oblias
644 689 830 773 opinionum
856 697 1042 753 commenta
1064 709 1124 753 sua
1141 688 1260 774 quibus
1282 687 1411 753 fabulas

236 797 442 882 interpretari
467 793 544 872 vult,
571 795 781 881 probaturum
804 818 840 860 se
858 817 933 860 esse
950 796 1083 882 sperat?
1108 794 1230 860 Omitto
1247 797 1411 861 notionem

235 902 420 968 fabularum
444 901 484 966 de
510 911 637 989 septem
662 900 866 988 sapientibus
883 901 1026 967 Jostium
1048 902 1183 987 fugisse.
1225 902 1313 982 Quid
1337 925 1411 967 eum

235 1032 472 1097 responsurum
498 1032 573 1074 esse
599 1009 762 1074 credimus
788 1011 1032 1095 interrogatum,
1062 1032 1121 1074 cur
1143 1008 1235 1075 Plato
1263 1011 1297 1074 in
1321 1011 1410 1074 Peri-

235 1117 328 1182 andri
358 1115 466 1182 locum
490 1117 663 1202 Mysonem
699 1116 913 1195 substituerit,
949 1119 1005 1202 qui
1037 1118 1101 1181 iam
1125 1115 1269 1182 Platonis
1305 1128 1411 1182 aetate

237 1227 366 1310 ignotus
391 1234 470 1295 erat,
496 1246 569 1288 cum
594 1233 726 1310 praesto
751 1233 863 1289 essent
884 1222 1022 1289 clariora
1047 1225 1242 1310 sapientium
1259 1223 1411 1288 nomina?

236 1331 327 1396 Plato
352 1333 534 1397 certissime
570 1331 740 1418 Mysonem
767 1354 825 1418 pro
856 1331 1037 1396 Periandro
1073 1330 1219 1417 catalogo
1256 1353 1315 1395 suo
1346 1354 1409 1396 non

236 1440 381 1520 inseruit,
418 1439 477 1502 sed
511 1437 597 1524 quod
633 1439 704 1524 ipse
740 1436 922 1524 Myscnem,
964 1435 1018 1502 alii
1053 1437 1129 1502 iude
1162 1437 1203 1502 ab
1235 1438 1410 1503 Aristotele

234 1545 373 1632 Mysone
407 1545 556 1631 neglecto
590 1545 803 1609 Periandrum
836 1546 868 1609 in
898 1554 1022 1631 septem
1048 1546 1242 1632 sapientium
1277 1567 1411 1611 numero

235 1652 365 1734 babent,
402 1675 474 1718 eam
507 1651 548 1717 ob
580 1675 714 1718 causam
744 1662 850 1717 aetate
878 1655 1076 1738 posteriores
1109 1652 1268 1738 putabant
1302 1653 1410 1740 Myso·

236 1783 309 1826 nem
333 1783 352 1823 a
377 1760 512 1826 Platone
538 1759 686 1845 catalogo
710 1761 870 1824 insertum
895 1782 970 1824 esse
1009 1759 1063 1843 (cf.
1090 1783 1159 1847 cap.
1184 1760 1253 1844 IV).
1294 1761 1410 1846 Neque

236 1869 340 1953 magis
373 1866 499 1933 leelins
530 1867 584 1933 illo
613 1868 731 1931 Dionis
764 1865 991 1953 chrysostomi
1019 1866 1091 1931 loco
1126 1865 1222 1932 allato
1259 1870 1411 1932 evincere

234 1974 348 2061 potuit,
384 1974 546 2061 quomodo
583 1973 762 2039 Periander
794 1983 951 2059 tyrannus
980 1975 1012 2038 in
1045 1984 1170 2061 septem
1207 1974 1411 2062 sapientibus

234 2083 398 2146 numerari
415 2084 564 2167 potuerit.
597 2083 680 2146 Nam
698 2080 819 2155 diserte
836 2080 902 2146 illie
926 2080 1044 2146 dicitur
1059 2081 1274 2147 Periandrum
1299 2103 1409 2168 quam-

235 2212 334 2276 quam
357 2213 378 2254 a
401 2189 450 2253 dis
474 2211 596 2274 regem,
621 2198 730 2253 tamen
754 2213 773 2254 a
798 2187 936 2254 Graecis
961 2211 1093 2275 semper
1116 2199 1291 2276 tyrannum
1314 2211 1409 2254 voca·

234 2307 300 2362 tum
326 2319 412 2378 esse,
437 2319 544 2383 neque
563 2298 738 2382 quicquam
756 2296 891 2362 deorum
907 2295 1063 2361 iudicium
1080 2295 1176 2379 valet,
1194 2319 1268 2361 nam
1283 2306 1409 2383 septem

234 2400 279 2467 illi
303 2427 366 2468 non
386 2403 531 2485 deorum,
555 2405 610 2470 scd
627 2406 820 2486 populorum
839 2405 993 2487 sufflapio
1009 2407 1150 2470 ontnt‘nm
1166 2407 1322 2470 nominati
1336 2411 1411 2470 sunt

235 2509 317 2596 (Cic.
345 2512 385 2576 de
408 2510 497 2576 finib.
521 2511 555 2575 Il
580 2511 612 2592 3,
641 2511 683 2595 7).
716 2511 817 2575 Vides
853 2513 952 2596 igitur
981 2510 1194 2576 Periandrum
1231 2511 1408 2598 eCynico-

235 2642 306 2684 rum
321 2620 481 2684 sententia
498 2621 679 2704 sapientem
696 2641 863 2706 nunquam
889 2641 964 2682 esse
993 2621 1150 2704 potuisse,
1183 2618 1270 2705 quod
1301 2621 1410 2704 ipsum

235 2726 362 2792 Jo'e'lius
399 2749 458 2790 sua
493 2727 617 2790 ratione
642 2724 736 2790 nobis
761 2724 900 2812 probare
924 2725 1038 2790 voluit.
1088 2725 1154 2790 Sed
1183 2723 1271 2812 quod
1306 2728 1409 2790 maius

234 2844 294 2916 est,
319 2832 452 2898 alteram
477 2833 702 2898 difficultatem
727 2832 840 2898 tollere
866 2843 1002 2899 conatus
1026 2833 1153 2899 Joetius
1178 2832 1280 2898 altera
1303 2832 1408 2919 impli-

235 2953 337 3007 catur.
384 2939 484 3007 Solon
509 2942 606 3026 igitur
625 2963 689 3005 non
707 2940 888 3018 Periandri,
904 2938 964 3004 sed
982 2940 1141 3004 Pisistrati
1158 2941 1409 3004 dominationem

235 3049 327 3134 fugit.
364 3048 463 3135 Atqui
481 3048 673 3112 Pisistratus
698 3068 828 3134 quoque
853 3049 885 3110 in
908 3057 1034 3132 septem
1052 3047 1255 3134 sapientibus
1273 3046 1410 3111 habetur

234 3157 342 3241 (Diog.
361 3157 466 3220 ¹Laert
500 3155 517 3218 Ι
543 3153 592 3219 13.
622 3155 706 3237 122).
755 3155 838 3218 Tum
863 3152 951 3240 quod
976 3152 1075 3219 Solon
1104 3156 1173 3218 eius
1203 3154 1408 3240 tyrannidem

237 3264 345 3346 evitat,
382 3273 519 3350 apparet
549 3265 755 3328 Pisistratum
781 3287 800 3327 a
825 3263 958 3350 Cynicis
986 3266 1070 3327 inter
1094 3273 1220 3349 septem
1244 3265 1410 3350 sapientes

235 3370 351 3434 referri
386 3394 450 3435 non
486 3370 594 3435 licere.
644 3369 815 3451 Quomodo
854 3371 949 3454 igitur
987 3369 1178 3435 Pisistratus
1213 3372 1246 3435 iu
1282 3381 1409 3457 septem

236 3479 431 3563 sapientium
456 3476 603 3544 ordinem
620 3475 731 3542 veuit?
756 3475 984 3558 Quiddottlius
1001 3499 1222 3564 responsurus
1247 3479 1298 3559 sit,
1322 3476 1411 3542 haud

235 3587 435 3669 ignoramus,
474 3585 649 3671 quiquam
675 3584 861 3670 explicandi
891 3587 1049 3649 rationem
1080 3586 1174 3672 sequi
1199 3583 1311 3667 soleat,
1345 3588 1408 3649 iam

236 3691 337 3778 probe
362 3695 516 3757 sciamus.
559 3691 733 3757 ‘Convivio
762 3692 920 3779 quodam',
945 3694 1079 3779 inquiet.

324 3800 368 3864 At
392 3811 489 3865 utne
514 3801 604 3864 varia
629 3799 760 3885 quidem
793 3809 916 3885 septem
951 3802 1148 3887 sapientium
1176 3803 1307 3865 nomina
1335 3823 1408 3864 eon·

235 3909 322 3972 virio
347 3907 574 3972 Antisthenico
611 3907 767 3993 explicari
803 3916 950 3993 possunt,
989 3909 1033 3972 ita
1068 3907 1166 3972 multo
1204 3910 1311 3972 minus
1347 3907 1409 3970 alia

237 4014 312 4079 inde
336 4013 442 4080 lucem
464 4016 635 4102 accipient,
662 4013 761 4079 veluti
785 4024 897 4101 patera
921 4037 1005 4101 quae
1029 4016 1062 4078 iu
1086 4013 1250 4080 nonnullis
1275 4013 1409 4079 fabella·

236 4144 306 4186 rum
331 4121 445 4186 formis
468 4145 527 4209 pro
552 4121 679 4199 tripode
704 4123 946 4207 sapientissimo
970 4124 1149 4207 praemium
1175 4122 1277 4186 datur.
1325 4121 1407 4185 Nam

236 4237 381 4316 pateram
399 4251 464 4294 non
479 4231 512 4292 in
530 4229 690 4306 convivio,
709 4227 768 4291 sed
785 4230 967 4314 praemium
984 4229 1226 4314 epigrammatis
1243 4229 1407 4292 Homerus

236 4337 363 4422 accipit,
390 4335 476 4422 quod
502 4335 611 4400 Midae
635 4335 704 4421 regi
729 4338 912 4421 composuit
935 4335 1088 4422 (Certum.
1106 4335 1239 4400 Hesiod.
1265 4336 1405 4399 etH0m.

237 4466 267 4529 p.
291 4443 367 4525 247,
392 4443 454 4508 261
481 4443 561 4528 Ra).
607 4443 716 4528 Atque
741 4441 884 4506 Croesus
908 4465 1059 4528 magnam
1084 4445 1211 4528 copiam
1235 4465 1407 4507 aurearum

237 4560 422 4636 paterarum
447 4548 587 4636 Apollini
614 4555 709 4631 ὓύσας
731 4557 875 4619 κατέκαιε
911 4550 1045 4634 (Herod.
1072 4550 1172 4636 150).
1200 4549 1309 4630 Quare
1334 4573 1405 4636 per-
