3522 5310
836 315 1048 416 Ar„

355 513 471 576 aetatis
508 511 711 598 sapientibus
747 514 981 578 commercium
1015 511 1168 578 habuerit
1200 535 1342 579 necesse
1382 523 1432 578 est
1466 535 1532 578 non

356 640 454 684 secus
478 628 575 706 atque
597 615 719 686 Callias
745 641 819 684 cnm
844 619 1011 707 sophistis,
1037 621 1164 686 eteius
1188 642 1308 686 nomen
1333 641 1392 685 sua
1416 631 1532 707 sponte

357 749 393 790 se
418 724 543 810 obtulit,
572 727 599 792 si
634 729 870 816 temperantiae
906 737 938 792 et
973 726 1073 793 cultui
1098 727 1301 793 Graecorum
1337 726 1466 792 luxuria
1500 739 1533 793 et

356 833 480 898 ruditas
497 832 707 900 barbarorum
726 834 942 921 opponendae
959 839 1062 901 erant.
1088 833 1223 900 Talibus
1240 835 1273 899 in
1289 833 1531 901 narrationibus

357 941 592 1028 componendis
616 951 799 1028 temporum
824 943 968 1006 rationes
992 964 1154 1028 persaepe
1178 940 1346 1027 neglectas
1367 963 1443 1007 esse
1467 966 1531 1008 non

359 1046 530 1113 miraberis
541 1051 575 1132 ¹),
599 1071 709 1137 neque
732 1051 797 1114 iam
821 1051 996 1135 qnisquam
1033 1048 1230 1136 colloquium
1255 1047 1333 1114 illud
1358 1047 1532 1115 celeberri-

356 1178 445 1220 mum
468 1155 555 1242 quod
580 1154 680 1222 Solon
704 1178 778 1221 cum
803 1155 927 1222 Croeso
945 1155 1105 1222 Sardibus
1128 1155 1290 1239 habuerit,
1314 1177 1349 1220 re
1374 1178 1453 1221 vera
1476 1157 1532 1221 ha-

355 1261 458 1329 bitum
483 1285 558 1328 esse
582 1273 683 1352 putat.
732 1264 902 1350 Principes
934 1285 1013 1328 vero
1039 1273 1071 1328 et
1095 1263 1213 1328 divites
1237 1264 1327 1328 viros
1351 1262 1466 1328 doctos
1490 1262 1532 1328 ad

356 1393 393 1436 se
422 1393 540 1436 vocare
569 1392 628 1457 par
654 1369 726 1454 fuit,
755 1369 816 1435 sed
844 1369 1026 1435 litterarum
1055 1369 1194 1435 studiosi
1225 1392 1291 1436 non
1315 1369 1420 1436 solum
1444 1370 1532 1458 apud

356 1477 490 1543 divitem
522 1477 686 1565 quendam
720 1477 970 1560 conveniebant,
1005 1476 1064 1542 sed
1095 1487 1262 1564 tamquam
1290 1480 1388 1542 nnius
1421 1487 1531 1542 sectae

356 1585 505 1650 asseclae
540 1607 615 1650 sese
651 1583 899 1672 congregabant
934 1595 967 1650 et
1001 1584 1165 1651 docebant
1203 1595 1236 1649 et
1274 1583 1463 1664 discebant,
1500 1594 1532 1648 et

356 1701 558 1780 quantopere
589 1703 697 1758 sectae
726 1696 760 1758 in
788 1692 906 1758 litteris
942 1694 1084 1780 antiquis
1120 1690 1291 1774 valuerint,
1329 1691 1530 1756 demonstra·

357 1810 472 1866 verunt
479 1799 640 1884 Usener2)
652 1800 837 1866 etDielsius
845 1802 882 1885 3).
897 1801 1176 1888 Pythagoreorum
1193 1802 1350 1864 societate
1363 1809 1530 1885 permotus

358 1905 449 1972 Plato
480 1907 695 1973 Academiam
724 1906 911 1992 condiditl),
948 1917 981 1972 et
1011 1906 1230 1993 Theophrasti
1269 1911 1408 1976 Φυσικῶν
1441 1912 1531 1988 δόξαι

358 2015 477 2080 docent
500 2015 563 2081 iam
580 2013 766 2080 Aristotelis
783 2014 986 2103 temporibus
1010 2015 1168 2080 rationem
1187 2021 1350 2079 sectarum
1367 2014 1530 2100 vigentem

356 2123 390 2186 in
428 2123 653 2209 antiquitatem
690 2121 880 2187 translatam
919 2144 1004 2187 esse.
1052 2119 1352 2208 Philosophlcae
1392 2131 1530 2186 sectae

356 2231 483 2294 instar
511 2231 625 2294 etiam
656 2239 804 2314 septem
835 2231 1037 2316 sapientes
1067 2229 1297 2315 congregati
1327 2226 1417 2293 ficti
1441 2239 1530 2294 sunt

356 2344 421 2402 aut
444 2335 517 2402 soli
542 2346 606 2402 aut
622 2358 696 2402 una
720 2359 803 2402 cum
827 2337 950 2402 divite
975 2337 1138 2423 quodam
1156 2337 1239 2401 sive
1257 2334 1426 2424 Cypsela
1444 2337 1529 2402 sive

356 2443 569 2510 Periandro
599 2445 683 2510 sive
712 2444 904 2529 Croesoll.

444 2552 580 2616 Fecitne
604 2554 727 2638 primns
747 2551 899 2639 Ephorus
924 2562 1051 2637 septem
1076 2553 1240 2640 sapientes
1263 2550 1351 2639 apud
1369 2551 1527 2620 Croesum

355 2655 611 2724 convenientes?
643 2659 688 2724 Ut
711 2659 853 2724 vidimus
874 2659 919 2747 (p.
939 2661 970 2746 8)
985 2682 1059 2726 eum
1076 2683 1140 2724 non
1164 2659 1304 2746 primum
1322 2658 1530 2724 Anacharsin

356 2777 481 2854 septem
505 2764 708 2855 sapientibus
737 2767 968 2854 adscripsisse,
1000 2771 1045 2832 ita
1072 2789 1137 2833 non
1161 2769 1269 2832 minus
1293 2776 1382 2831 recte
1406 2766 1529 2832 iudica·

355 2873 462 2939 bimus
498 2896 572 2939 eum
607 2897 672 2939 non
705 2876 846 2962 primum
882 2885 1007 2961 septem
1043 2871 1209 2961 sapientes
1245 2873 1333 2960 apud
1369 2873 1529 2940 Croesum

354 2981 536 3060 induxisse,
562 2982 622 3047 sed
646 2983 744 3050 etiam
761 2981 824 3047 hoc
849 2984 878 3047 ei
902 2984 1019 3048 iamin
1043 2981 1098 3047 illo
1118 2983 1232 3047 nescio
1250 3004 1314 3068 quo
1331 2981 1530 3068 Cynicorum

355 3091 478 3174 scripto
511 3110 575 3174 quo
605 3098 655 3153 est
679 3112 769 3172 usus,
801 3088 943 3154 oblatum
979 3088 1094 3155 fuisse.
1148 3087 1307 3155 Herodoti
1331 3097 1439 3153 antem
1463 3090 1529 3152 vim

355 3199 388 3262 in
412 3195 553 3261 fabellae
577 3195 682 3261 forma
706 3195 746 3262 de
771 3207 937 3262 conventu
960 3198 1145 3282 excogitata
1165 3196 1270 3276 vides,
1295 3197 1351 3282 qui
1374 3195 1529 3262 Solonem

357 3303 517 3368 Croesum
547 3303 656 3368 adisse
682 3304 800 3388 (129),
830 3304 990 3369 Pittacum
1015 3305 1232 3391 Biantemque
1261 3326 1335 3368 cum
1358 3302 1529 3394 Lydorum

354 3433 434 3495 rege
459 3411 732 3482 consuetudinem
757 3411 912 3477 habuisse
937 3412 968 3495 (Ι
992 3411 1049 3498 27)
1072 3422 1190 3477 narrat.

444 3517 614 3598 Quosnam
647 3519 744 3604 igitur
773 3517 889 3585 Croesi
925 3521 1082 3584 convivas
1112 3519 1265 3606 Ephorus
1302 3525 1421 3612 ὁμιλίαν
1453 3523 1530 3587 ἑπτὰ

357 3639 458 3718 σοφῶν
487 3635 571 3718 παρὰ
593 3631 717 3719 Κροίσῳ
742 3631 925 3720 ἀναγράφων
956 3626 1125 3693 exhibuit?
1176 3625 1273 3711 Diog.
1305 3627 1411 3691 Laert.
1442 3625 1457 3690 I
1486 3625 1531 3690 40

447 3803 466 3874 ι)
488 3801 527 3856 cf.
547 3801 694 3865 Schnbert,
715 3801 884 3857 Geschichte
910 3803 959 3857 der
978 3803 1087 3873 Kbnige
1114 3821 1168 3857 ron
1189 3803 1304 3874 Lydien‚
1323 3801 1440 3873 Breslau
1461 3801 1530 3855 1884

356 3911 382 3962 p.
401 3892 445 3948 69.

444 3985 464 4050 ¹)
485 3983 682 4051 Orgnnisation
702 3983 752 4040 der
772 3981 1060 4037 wissenschaitlichen
1080 3983 1186 4050 Arbeit,
1206 3981 1301 4036 Bilder
1329 3999 1378 4036 aus
1407 3982 1457 4035 dor
1476 3983 1529 4036 Go-

354 4071 480 4128 scbichte
499 4073 550 4128 der
570 4071 781 4142 Wissenschait„
801 4071 909 4126 Prouss.
929 4071 1028 4126 Jahrb.
1048 4071 1226 4142 111110884)
1246 4090 1272 4141 p.
1293 4071 1379 4141 lsqq.

445 4163 467 4230 3)
487 4150 561 4216 liber
575 4161 620 4215 die
637 4162 758 4216 ‘altesten
772 4160 1075 4231 Philosophenschulen
1095 4161 1145 4216 der
1165 4161 1312 4230 Griechsn,
1331 4161 1358 4216 in
1372 4162 1529 4233 Philosoph.

358 4251 433 4307 huss.
462 4252 511 4305 Ed.
532 4251 621 4306 Zeller
639 4251 777 4320 gewiqu
797 4249 889 4320 Leipz.
910 4250 987 4320 1887,
1006 4271 1033 4321 p.
1052 4251 1106 4305 239
1116 4269 1156 4320 sq

444 4343 464 4408 )
487 4341 526 4394 De
546 4339 739 4410 Wilamowitz,
760 4341 892 4411 Antigon.
912 4360 938 4396 v
959 4340 1067 4410 Caryst
1087 4359 1114 4410 p.
1134 4339 1197 4396 280.

445 4431 465 4494 ⁸)
495 4429 535 4485 Cf.
563 4429 659 4492 Lehrs,
688 4429 729 4484 De
756 4430 912 4484 Aristarchi
940 4430 1040 4484 studiis
1078 4429 1250 4484 Homericis³
1279 4429 1370 4494 11882)
1407 4449 1434 4500 p.
1464 4430 1528 4484 200

356 4520 430 4575 Hinc
446 4521 526 4586 mavit
541 4520 684 4587 persuasio
702 4525 799 4588 reptem
817 4522 953 4590 sapientes
971 4537 1025 4574 aon
1044 4521 1197 4575 convenisse
1223 4525 1337 4588 tantam,
1364 4519 1412 4574 aed
1439 4522 1529 4576 coani-

357 4617 448 4664 ountes
466 4609 652 4675 confabulator
671 4625 735 4664 esse.
