3442 5324
951 388 993 452 78

359 598 443 681 ipsis
477 599 656 666 removisse
698 603 796 680 atque
834 601 969 682 propius
1012 620 1122 666 casam
1157 601 1357 682 admovisse,
1404 607 1440 667 ut
1475 601 1578 668 Oresti

360 705 508 771 facinore
543 707 714 771 commisso
753 708 795 772 ad
830 707 939 772 vicum
973 708 1133 788 redeundi
1167 707 1312 774 facultas
1348 709 1490 773 daretur.
1546 708 1579 774 Si

360 812 443 878 enim
475 818 512 878 ut
535 813 728 896 Aegisthum
757 814 952 896 trucidaret,
985 815 1019 880 in
1044 816 1155 881 urbem
1187 814 1292 898 ipsam
1322 833 1357 880 se
1382 815 1578 883 contulisset.

358 919 513 1000 quidnam
536 920 706 985 habuisset
729 939 849 986 causae
872 940 930 986 cur
954 922 988 986 in
1011 923 1096 987 hanc
1120 940 1272 988 scaenam
1296 922 1443 988 rediret?

446 1026 559 1107 Neque
594 1027 834 1110 Clytaemestra
872 1027 946 1109 ipsa
981 1026 1082 1093 facile
1117 1047 1158 1094 ex
1194 1031 1275 1094 urbe
1308 1028 1488 1111 longinqua
1519 1028 1578 1093 huc

357 1134 514 1201 aduocari
548 1133 665 1215 potuit.
720 1133 837 1214 Itaque
872 1141 905 1200 et
938 1134 997 1200 illa
1029 1155 1100 1202 eum
1131 1136 1240 1201 lucum
1271 1135 1342 1201 adit
1381 1135 1477 1217 idque
1507 1143 1577 1217 post

358 1241 566 1324 Aegisthum,
598 1240 748 1320 quamvis
770 1240 949 1323 Euripides
978 1243 1063 1308 hanc
1086 1261 1198 1308 veram
1222 1261 1355 1309 eausam
1384 1243 1490 1308 celare
1513 1249 1576 1307 stu-

357 1349 449 1429 deat;
486 1346 596 1414 Oresti
620 1347 706 1412 enim
731 1347 951 1430 interroganti
975 1356 1018 1432 (v.
1036 1350 1131 1432 642J:

569 1461 602 1527 τί
626 1457 739 1543 δ’ὀύχ
762 1459 819 1546 ἅμ’
843 1459 1004 1552 ἐξωρμᾶτ’
1027 1461 1088 1551 ἐμὴ
1111 1461 1219 1553 μήτηρ
1243 1461 1359 1538 πόσεις

356 1598 456 1646 senex
478 1579 559 1646 haec
582 1580 759 1661 respondet
782 1579 827 1666 (v.
845 1580 940 1666 643):

570 1691 675 1782 ψόγον
697 1693 866 1783 τρέμουσα
890 1698 1041 1784 δημοτῶν
1065 1695 1224 1763 ἐλείπετο.

357 1889 360 1894 Ι
444 1813 535 1895 Quae
563 1810 593 1876 si
622 1830 687 1876 una
715 1830 786 1876 cum
811 1812 971 1894 Aegistho
1001 1832 1038 1878 eo
1063 1813 1265 1894 advenisset,
1296 1813 1369 1878 fieri
1397 1832 1462 1878 non
1485 1820 1572 1895 potu-

355 1919 437 1985 isset
474 1918 553 2000 quin
592 1919 704 1984 eodem
744 1918 838 1984 modo
879 1926 977 2001 atque
1011 1919 1068 1985 ille
1106 1920 1139 1985 in
1173 1920 1246 1986 luco
1282 1920 1354 2001 ipso
1390 1922 1431 1985 ab
1464 1919 1573 1985 Oreste

354 2025 602 2092 interficeretur.
650 2025 752 2107 Atqui
776 2025 1048 2109 Clytaemestram
1079 2027 1184 2109 ipsam
1213 2027 1247 2092 in
1271 2045 1423 2092 scaenam
1447 2026 1572 2110 prodire

354 2153 486 2199 necesse
521 2139 606 2213 erat,
642 2132 832 2214 priusquam
863 2134 1098 2223 trucidaretur,
1134 2143 1171 2201 ut
1201 2140 1403 2216 spectatores
1439 2155 1479 2199 ex
1510 2153 1572 2198 ser-

354 2241 503 2306 monibus
534 2259 605 2305 cum
630 2239 765 2305 Electra
792 2240 953 2306 consertis
977 2249 1225 2324 cognoscerent,
1258 2260 1352 2321 quem
1380 2243 1422 2307 ad
1450 2242 1572 2307 modum

354 2346 512 2412 adversus
530 2345 632 2410 liliam
656 2365 691 2411 se
715 2353 852 2429 gereret.
892 2347 1009 2428 ltaque
1026 2347 1160 2414 Electra
1183 2349 1274 2415 illam
1300 2369 1341 2414 ex
1357 2348 1428 2414 luco
1454 2347 1571 2413 arcessi

353 2455 444 2520 iubet
466 2454 528 2519 hac
552 2471 652 2519 causa
675 2453 754 2519 ficta
778 2453 821 2538 (v.
839 2447 931 2538 652);

566 2566 649 2649 λεχώ
671 2566 706 2652 μ’
728 2565 901 2654 ἀπάγγελλ’
925 2562 1027 2637 οὖσαν
1049 2567 1188 2660 ὀίρσενοςΙ
1210 2569 1317 2639 τόκον.

443 2688 551 2768 Atque
580 2693 618 2752 ut
647 2705 764 2769 corpus
793 2687 1007 2771 Astyanactis
1039 2689 1079 2754 de
1108 2689 1277 2755 moenibus
1298 2689 1427 2755 deiecti
1458 2707 1572 2754 scaena

353 2815 417 2860 non
441 2800 569 2860 mutata
595 2793 836 2875 spectatoribus
859 2796 1106 2876 produceretur,
1139 2796 1369 2862 Andromacha
1398 2795 1431 2860 in
1456 2795 1570 2860 'Proa-

354 2903 467 2968 dibus
500 2902 614 2967 fabula
636 2901 741 2966 filium
770 2901 804 2966 in
827 2901 981 2967 Hectoris
1009 2909 1101 2968 scuto
1125 2903 1267 2984 positum
1295 2903 1430 2984 sepeliri
1454 2902 1569 2980 voluit3

353 3028 429 3075 nam
459 3009 522 3074 hac
553 3009 683 3089 quidem
714 3027 813 3074 causa
843 3009 922 3074 ficta
946 3009 1125 3093 'Palthybio
1156 3029 1228 3076 cum
1256 3029 1394 3093 corpore
1424 3011 1513 3075 illius
1538 3009 1571 3073 in

352 3135 506 3182 scaenam
528 3115 709 3197 prodeundi
734 3114 878 3181 facultas
903 3116 999 3181 datur
1023 3116 1079 3201 (ci.
1105 3137 1135 3182 v.
1156 3117 1342 3202 1141-44)
1355 3117 1393 3202 1);

704 3227 778 3297 α’ντὶ
801 3228 928 3319 κέδρου,
942 3229 1128 3319 περιβόλων
1149 3255 1186 3296 τε
1208 3232 1330 3297 λαΐνων

566 3337 600 3404 ἐν
623 3339 700 3426 τῇδε
722 3335 840 3426 θάψαι
863 3341 989 3405 παῖδα·
1022 3336 1083 3416 σὰς
1106 3336 1135 3406 δ’
1159 3338 1192 3416 ἐς
1215 3336 1337 3416 ὠλένας
1381 3341 1387 3352 ’

565 3447 690 3524 δοῦναι,
714 3443 892 3512 πέπλοισιν
917 3445 961 3522 aig
984 3447 1194 3534 περιστείλῃς
1217 3445 1330 3536 νεκρὸν

565 3549 742 3640 στεφάνοις
766 3549 811 3628 θ’,
835 3550 896 3641 ὅση
921 3576 974 3619 σοι
998 3551 1147 3638 δύναμις.

440 3768 503 3834 Sed
533 3769 588 3834 lex
619 3768 678 3834 illa
704 3768 959 3852 ,Aristotelica“
991 3769 1106 3848 quanti
1135 3767 1237 3835 fuerit
1267 3771 1421 3837 momenti
1453 3774 1494 3837 ad
1521 3789 1570 3835 res

322 3921 324 3926 -
351 3876 619 3958 conformandas,
650 3877 791 3942 maxime
820 3877 896 3942 inde
919 3877 1138 3959 cognoscitur,
1163 3878 1248 3957 quod
1271 3879 1449 3960 Euripides
1479 3897 1571 3958 quas

350 4003 412 4050 res
435 3983 515 4049 alio
539 3985 785 4066 peragendas
809 4003 893 4050 esse
921 3985 1007 4050 loco
1031 3985 1165 4050 verbis
1189 4004 1444 4066 personarum
1468 3986 1571 4066 ipsa-

350 4111 431 4156 rum
455 4097 634 4173 apparet,
660 4111 726 4158 eas
751 4091 789 4157 in
812 4092 911 4157 hanc
933 4111 1044 4157 unam
1068 4111 1249 4158 scaenam
1272 4091 1437 4158 coniert.

441 4315 460 4382 ¹)
481 4314 523 4370 Cf.
544 4314 744 4381 Wilamowitz,
771 4315 878 4368 Griech.
899 4315 1056 4384 'l'ragbdieu
1081 4315 1124 4368 Ill
1149 4331 1174 4383 p.
1194 4313 1261 4369 285:
1292 4314 1412 4384 „Durcb
1438 4315 1481 4370 die
1507 4329 1571 4368 aeuo

339 4403 513 4474 'Erfinduuy
533 4403 596 4458 duas
615 4421 643 4458 er
660 4403 700 4458 sie
718 4403 768 4458 dos
788 4404 924 4458 Sdbaoben
945 4404 1064 4459 lichtors
1082 4407 1111 4459 in
1132 4405 1250 4459 Heluiors
1268 4403 1375 4459 Schildo
1394 4404 1478 4458 hellen
1496 4405 1571 4464 hirst,

349 4493 463 4547 meiclrt
484 4492 532 4548 der
553 4493 665 4547 Dichter
684 4493 756 4547 nicht
780 4510 833 4546 ιιιι-ι·
857 4497 914 4546 cirre
937 4494 1070 4548 r-ouroate
1088 4494 1206 4560 Aktion,
1230 4494 1274 4548 die
1293 4492 1478 4562 Schnu'irlump
1501 4494 1570 4546 einer

349 4581 538 4638 Kindesler'cltc
558 4625 563 4637 .
584 4625 590 4636 .
611 4587 655 4639 .’“.
