3452 5316
729 446 773 512 33

138 662 335 730 lectionibus
366 662 513 728 codicum
543 661 579 728 in
609 667 735 728 textum
764 667 968 745 receperunt.
1022 661 1135 728 Etiam
1166 664 1206 728 de
1236 662 1367 745 Vergili

138 791 198 837 usu
229 775 344 837 contm
367 769 573 836 Sniehottam
602 769 689 836 idem
717 776 842 853 statuo,
873 769 1069 852 praesertim
1099 789 1171 836 cum
1198 769 1366 836 scribendi

138 877 224 944 ratio
248 877 332 942 nihil
356 878 398 943 ad
420 877 723 959 pronuntiationem
745 877 928 943 attinuerit.
976 876 1062 943 Nam
1084 898 1107 942 a
1134 881 1212 943 ante
1234 899 1251 943 s
1274 876 1365 942 debi-

137 985 200 1050 lem
241 985 344 1052 fuisse
382 984 450 1051 iam
488 984 617 1066 antiqui
655 984 835 1068 scriptores
881 984 1049 1065 multaque
1088 983 1238 1067 exempla
1276 983 1367 1050 velut

137 1093 305 1158 thesaurus
321 1129 363 1138 -
379 1091 569 1158 theocorus
591 1092 825 1158 demonstrant.
853 1090 969 1157 Facile
989 1091 1129 1172 denique
1150 1089 1366 1174 intellegitur,

139 1200 298 1281 quomodo
322 1197 437 1264 littera
465 1219 488 1263 a
518 1218 558 1264 ex
588 1198 736 1282 genetivi
765 1197 999 1264 temninatione
1026 1206 1133 1264 -aatos
1163 1215 1223 1279 per
1253 1197 1367 1264 analo-

137 1307 228 1390 giam
255 1307 290 1372 iu
318 1305 557 1372 nominativum
581 1323 708 1387 quoque
734 1310 870 1387 recepta
894 1304 1158 1371 terminationem
1182 1326 1260 1372 aas
1288 1302 1367 1370 effe·

139 1413 232 1496 cerit,
256 1431 341 1494 quae
364 1413 452 1495 apud
474 1413 614 1479 Latinos
637 1431 844 1494 nequaquam
867 1430 970 1493 aeque
994 1418 1093 1492 atque
1116 1412 1205 1494 apud
1221 1412 1368 1478 Graecos

140 1526 212 1586 erat
234 1519 396 1586 inusitata
408 1518 442 1605 ²).
482 1521 662 1586 Praeterea
685 1520 773 1600 apud
788 1519 954 1585 Romanos
977 1517 1166 1600 analogiam
1188 1519 1368 1585 somnarum

138 1627 229 1694 velut
253 1629 403 1694 acimaas
427 1633 460 1692 et
482 1626 640 1692 similium
664 1625 792 1707 aliquid
815 1624 961 1692 valuisse
985 1643 1050 1691 non
1072 1625 1276 1708 negabimus.

227 1744 408 1811 Vocativus
432 1743 612 1826 nominum,
638 1744 678 1808 de
701 1741 820 1823 quihus
843 1741 987 1824 agimuS,
1017 1741 1282 1808 terminationem
1309 1759 1368 1808 no·

138 1851 292 1919 minativi
316 1856 443 1917 servat:

229 1958 345 2024 Pallas
384 1957 517 2042 syphax
555 1957 636 2041 Stya
675 1955 761 2023 Gilia
795 1955 907 2023 Paean
946 1955 1044 2022 Titum
1081 1956 1219 2022 Eleusin
1253 1955 1370 2022 Hector

138 2067 256 2132 Nestor
288 2065 402 2132 Onetor
432 2064 510 2130 alia.

227 2172 371 2254 Excepti
395 2177 472 2238 sunt
494 2171 641 2239 vocativi
669 2170 835 2238 nominum
858 2171 894 2236 in
917 2192 971 2238 -αε
999 2169 1260 2253 terminantium,
1290 2188 1368 2251 quo·

138 2299 210 2347 rum
235 2280 409 2364 genetivus
432 2278 468 2344 in
490 2286 597 2346 -autos
621 2278 768 2345 excurrit
777 2277 817 2363 2);

229 2387 340 2471 Dyma
363 2385 460 2474 (Stat.
474 2387 575 2452 Theb.
597 2387 630 2452 X
647 2384 725 2472 352)
750 2392 782 2451 11
805 2384 972 2452 1111111111
997 2384 1092 2470 (8111.
1106 2385 1208 2450 Theb.
1228 2385 1261 2450 X
1278 2383 1366 2465 500).

228 2494 313 2560 Item
344 2501 482 2576 excepta
511 2499 588 2560 sunt
615 2493 748 2560 nomina
776 2492 811 2558 in
839 2493 883 2560 -is
911 2489 1110 2577 1111111111),
1142 2509 1278 2571 quorum
1308 2491 1368 2558 hos

140 2602 312 2670 vocativus
335 2600 464 2668 inveni:

228 2708 363 2791 Daphni
387 2707 554 2793 (Calpum.
578 2707 686 2792 1194)
718 2707 794 2790 Iphi
817 2707 904 2789 (Val.
917 2706 1029 2773 Flaco.
1053 2706 1166 2791 1441)
1198 2706 1248 2772 Isi
1271 2705 1367 2791 (Stat.

140 2817 221 2884 Silv.
248 2816 300 2882 lll
324 2815 450 2901 2,101)
481 2815 599 2899 maora
622 2816 732 2890 (Mart.
757 2815 774 2880 1
801 2815 918 2896 102,1,
943 2814 991 2883 VI
1014 2812 1119 2900 40,1)
1150 2814 1247 2880 Nerei
1270 2813 1367 2900 (Stat.

141 2924 221 2990 Aah.
247 2922 265 2987 I
288 2921 367 3008 527)
412 2920 506 2989 Oenei
534 2921 658 3007 (Senec.
675 2923 717 2987 Η.
727 2922 765 2989 Ο.
791 2921 869 3007 583)
912 2921 1022 2988 Persei
1050 2919 1175 3007 (Sanco.
1192 2921 1277 2987 Med.
1303 2921 1367 2986 814

140 3030 223 3097 Stat.
246 3030 346 3095 Theb.
376 3029 422 3094 IV
447 3028 526 3114 482)
568 3028 671 3096 Phasi
701 3027 743 3115 (V
745 3029 788 3095 al.
810 3028 921 3095 Flacc.
946 3029 975 3096 V
1000 3027 1075 3111 205,
1100 3027 1177 3113 208)
1220 3027 1370 3094 Philaeni

141 3137 252 3222 (Mart.
276 3137 312 3203 H
336 3137 389 3218 33,
408 3137 503 3219 1-4,
530 3137 595 3202 VH
610 3137 663 3219 87,
683 3138 739 3218 16;
765 3138 865 3220 70,1,
889 3136 940 3202 IX
957 3137 1009 3218 29,
1025 3138 1053 3217 1,
1077 3136 1111 3202 Χ
1127 3137 1180 3218 22,
1194 3135 1227 3221 3)
1260 3136 1369 3220 Phylli

141 3243 308 3329 (Calpurn.
339 3243 393 3310 Ill
416 3244 469 3326 45,
486 3244 539 3327 61,
557 3244 610 3326 65,
629 3244 672 3309 70
709 3243 807 3310 Mart.
832 3243 883 3310 XI
908 3243 959 3325 29,
978 3245 1013 3324 2;
1037 3244 1073 3325 8;
1102 3243 1208 3325 50,1;
1236 3242 1366 3329 12511)

142 3352 226 3418 Thai
250 3351 361 3438 (Mart.
378 3351 426 3416 IV
445 3351 495 3434 12,
514 3352 548 3433 1;
572 3353 606 3432 2,
631 3351 685 3434 50,
704 3353 737 3432 1;
756 3352 789 3437 2)
821 3351 942 3418 Thebai
965 3350 1179 3436 (81119115.
1205 3349 1274 3416 XII
1290 3349 1369 3437 812)

143 3459 233 3526 Theti
256 3457 452 3544 (stathan.
477 3458 494 3523 I
517 3457 583 3544 80).

230 3565 330 3632 Metui
359 3572 539 3649 causant
568 3565 663 3634 elisio
689 3565 884 3649 evitaretur,
916 3587 948 3633 -s
976 3564 1173 3632 nominativi
1202 3570 1369 3632 servatum

143 3679 193 3740 est
213 3675 341 3740 duobus
365 3673 463 3740 locis:
496 3692 517 3739 a
537 3673 662 3740 Seneca
685 3673 721 3739 in
744 3673 910 3740 adiectivo
932 3672 1055 3740 Daulis
1078 3673 1174 3760 (Thy.
1192 3671 1271 3758 275)
1296 3677 1328 3738 11
1351 3691 1372 3739 a

142 3781 298 3847 Martiale
321 3780 356 3846 iu
378 3781 587 3849 substantivo
611 3781 725 3848 Baetis
750 3780 833 3868 (ΧΠ
856 3780 971 3867 98,1).

230 3896 321 3963 Idem
346 3897 509 3981 fecerunt,
539 3905 576 3964 ut
597 3898 787 3964 terminatio
815 3897 851 3964 iu
879 3897 949 3964 arsi
976 3896 1160 3963 hexametri
1183 3896 1295 3980 posita
1319 3896 1370 3962 in-

143 4005 292 4086 sequenti
316 4007 511 4072 consonanti
533 4007 778 4089 produceretur,
806 4003 997 4088 Columella,
1022 4005 1078 4086 qui
1101 4005 1187 4072 Nais
1211 4003 1257 4090 (X
1281 4003 1369 4090 299),

144 4118 176 4178 11
206 4111 324 4180 iliadis
356 4114 499 4181 Latinae
531 4119 660 4197 auctor,
700 4113 757 4195 qui
792 4114 892 4182 Poris
916 4111 1017 4198 (320)
1053 4111 1202 4194 scripsit,
1238 4131 1301 4194 qno
1336 4112 1371 4176 in

143 4220 273 4286 nomine
303 4219 428 4288 idcirco
459 4240 586 4303 quoque
614 4221 754 4287 formam
782 4220 978 4287 nominativi
1003 4220 1155 4288 vocative
1178 4226 1370 4302 usurpatam

146 4365 355 4373 ——-—.—

236 4451 255 4522 ι)
274 4451 474 4522 Buecheler,
497 4453 649 4508 Grundrioo
668 4453 715 4507 der
734 4453 784 4509 lat.
799 4453 987 4522 Deklination,
1006 4452 1085 4507 Bonn
1105 4451 1183 4520 1879,
1201 4467 1226 4519 p.
1242 4451 1283 4506 14.

233 4541 362 4610 ¹)Noue
385 4541 424 4596 1·
445 4543 586 4611 p.446sq.

233 4629 255 4701 ¹)
274 4631 363 4686 Neue
386 4631 424 4684 1·
446 4648 472 4700 p.
485 4633 538 4687 443
549 4648 587 4698 sq.

199 4771 349 4826 thoner,
369 4773 402 4815 01
418 4783 503 4816 vocum
518 4773 668 4816 Graecarum
684 4783 729 4816 usu
1248 4757 1265 4808 3
