3452 5316
944 412 987 477 26

441 628 558 706 Itaque
582 633 717 706 uterque
746 645 804 691 nos
829 628 923 692 docet
948 646 1012 692 non
1035 625 1142 690 minus
1172 626 1348 690 absurdum
1372 643 1443 690 esse
1465 630 1575 705 postu-

349 735 420 799 lare
452 753 492 800 ne
517 734 595 814 quid
618 734 765 799 homines
788 740 938 815 peccent,
970 752 1067 814 quam
1091 732 1120 798 si
1145 731 1218 812 quis
1250 737 1421 798 accusaret
1449 730 1574 810 ultima,

350 848 527 923 propterea
550 842 636 922 quod
660 861 724 906 non
748 847 857 907 essent
880 841 997 922 prima.

351 967 424 1048 25„
461 963 502 1031 Εῖ
525 964 562 1031 δέ
589 963 627 1030 τὰ
653 962 786 1046 ἔσχατα,
816 962 867 1032 δτι
890 963 935 1054 μη
990 965 1043 1030 ΠΙ
1068 967 1128 1046 3,ι
1177 960 1196 1050 ἢ
1236 962 1292 1028 ἐπὶ
1331 958 1368 1027 τὸ
1406 961 1578 1046 γενόμενον

394 1075 512 1159 πριῖιτα
535 1069 790 1160 διαγράφωμεν,
815 1070 873 1138 οὐκ
897 1068 936 1137 άν

395 1177 587 1268 φθάνοιμεν
610 1182 722 1245 πάσαν
744 1177 839 1263 τάξιν
862 1181 936 1246 δια·

395 1284 546 1364 λύοντεςς
584 1285 667 1374 (θέρε
701 1282 780 1372 γάρ,
816 1284 846 1351 εἰ
880 1283 936 1351 τὸν

394 1393 493 1460 λίθον
539 1391 706 1477 ἐκβάλλειν
751 1391 936 1476 ἐθέλοιμεν,

395 1497 446 1568 ὅτι
470 1497 515 1588 μὴ
538 1497 686 1588 καρποὺς
707 1492 762 1565 οἷα
781 1499 821 1564 τά
846 1498 936 1588 φυτὰ

395 1608 530 1686 δίδωσι,
560 1604 600 1672 τά
625 1606 662 1674 δέ
686 1606 776 1696 φυτά
800 1606 936 1693 διαβάλ-

395 1716 479 1793 λειν,
519 1712 570 1780 ὅτι
609 1712 654 1802 μὴ
692 1711 752 1802 τὴν
789 1718 846 1803 γῆν
881 1707 936 1781 οἷα

359 1905 362 1909 .
394 1826 474 1908 βοῦς
498 1819 684 1910 ἐργάζεται,
716 1819 772 1886 τὸν
796 1825 833 1888 δε
855 1826 936 1907 βοῦν

394 1929 548 2011 κακίζειν,
582 1926 621 1994 οδ
648 1927 710 2019 γάρ
737 1932 785 2013 τῷ
807 1932 937 2013 γεωρνηῖ

395 2036 638 2126 παραπλησίως
662 2034 827 2121 βούλεται.
857 2033 876 2101 δ
900 2034 937 2101 δὲ

395 2142 535 2232 γεωργὸς
562 2140 661 2218 αὐτὸς
684 2140 935 2216 α’πελαννέσθω,

396 2249 447 2316 ὅτι
477 2248 522 2338 μη
552 2255 627 2326 ταῖς
659 2246 726 2316 άνω
757 2247 937 2333 δυνάμεσιν

397 2357 432 2440 ἐξ
471 2359 546 2423 ἴσον
591 2361 717 2446 τροφῆς
757 2354 934 2445 ἠμέλησεν·

396 2457 464 2532 εἶθ’
479 2462 535 2530 ὑπ’
551 2461 671 2549 α’λίηον
696 2464 818 2552 σοφίας
839 2463 934 2552 μέχρι

395 2575 461 2637 τοῖν
486 2571 588 2637 θείων
609 2569 783 2657 α’ναβαίνοι
807 2597 868 2648 τις,
893 2570 937 2646 οῖς

397 2675 473 2744 οὐδὲ
506 2676 542 2743 αῖ
574 2675 641 2743 άνω
675 2677 833 2761 δυνάμεις
865 2680 936 2765 δη-

396 2791 576 2873 μιουργεῖν,
605 2783 688 2851 άλλά
711 2789 757 2870 τῷ
781 2787 938 2872 δημιουρ-

398 2896 444 2978 γηῖ
467 2895 631 2958 διακονεῖν
655 2891 854 2978 ἐτάχθησαν.

354 3003 442 3082 25,νο
476 2996 614 3087 σμικρὸν
636 2996 698 3088 γάρ
721 3002 786 3064 τῶν
808 2997 938 3085 γενομέ-

398 3133 462 3172 νων
486 3103 592 3184 οὐδέν,
616 3103 699 3172 άλλά
723 3103 833 3172 πάντα
855 3103 938 3171 καλά

398 3215 453 3279 καὶ
492 3211 617 3297 μεγάλα
654 3216 708 3280 καί
748 3212 936 3298 τεταγμένα.

398 3320 453 3386 καὶ
485 3319 502 3384 ὁ
531 3321 629 3397 λίθος
656 3318 755 3397 καλὸς
781 3311 802 3404 ᾗ
830 3321 939 3398 λίθος,

398 3428 449 3493 καί
490 3425 528 3493 τὸ
563 3426 699 3516 δένδρον
736 3417 757 3515 ᾗ
792 3425 939 3516 δένδρον,

399 3535 454 3600 καὶ
484 3533 501 3599 δ
525 3533 607 3601 λέισν
629 3534 737 3611 καλάς,
767 3529 826 3600 κάν
849 3532 939 3600 έπίοι

398 3639 588 3726 κατὰλόγον
604 3645 661 3730 τῆς
678 3639 797 3727 άλδφου
810 3643 894 3730 ζωῆς
904 3641 938 3728 ¹).

1036 1069 1116 1138 αὐτὸ
1148 1067 1167 1159 ἢ
1196 1067 1280 1146 δλως
1311 1066 1368 1134 οὐκ
1399 1067 1576 1146 αἰτιατέον,

1036 1176 1148 1266 ὥσπερ
1173 1174 1250 1242 οὐδὲ
1275 1175 1331 1242 ἐπὶ
1355 1179 1470 1264 φυτοῖν
1493 1177 1578 1260 νενέ-

1036 1309 1128 1366 σεως,
1160 1281 1212 1349 δτι
1240 1281 1285 1371 μὴ
1315 1280 1528 1360 αἰσθάνεται,
1559 1279 1578 1370 ἢ

1036 1391 1093 1458 ἐπὶ
1117 1389 1209 1476 ζῴων
1229 1395 1294 1455 τῶν
1313 1387 1431 1466 ἄλλων,
1456 1389 1508 1456 ὅτι
1532 1387 1579 1479 μη

1036 1498 1082 1576 οῖς
1105 1495 1283 1585 ἄνθρωποι
1304 1495 1433 1578 έχουσι·
1457 1494 1579 1563 ταύτὸν

1035 1603 1097 1692 γὰρ
1120 1608 1218 1671 τοῦτο
1242 1608 1287 1689 τῷ
1308 1601 1364 1670 διὰ
1387 1605 1420 1670 τί
1444 1601 1579 1692 άνθρω·

1035 1737 1095 1779 ποι
1119 1711 1178 1792 οὐχ
1202 1709 1285 1801 ὅπερ
1308 1711 1396 1778 θεοί.

990 1822 1042 1886 III
1067 1822 1123 1902 2,ε
1155 1820 1210 1885 καὶ
1240 1816 1281 1884 τά
1312 1818 1372 1902 μὲν
1402 1823 1461 1884 τοῦ
1492 1812 1577 1884 εἶναι

1035 1925 1183 2011 μετέχειν
1210 1930 1300 1994 δοκεῖ
1327 1924 1443 2010 μόνον,
1474 1923 1518 1991 τά
1542 1924 1578 1990 δὲ

1035 2039 1094 2100 τοῦ
1119 2036 1187 2122 ζῆν,
1203 2033 1244 2099 τὰ
1266 2034 1303 2100 δέ
1325 2034 1450 2117 μᾶλλον
1475 2032 1511 2098 ἐν
1534 2037 1578 2116 τῷ

1036 2140 1278 2219 αἰσθάνεσθαι,
1306 2138 1347 2206 τά
1376 2139 1412 2207 δέ
1438 2137 1501 2228 ἤδη
1527 2138 1578 2204 λίι-

1035 2273 1092 2334 γον
1116 2246 1193 2328 ἔχει,
1217 2245 1258 2313 τά
1282 2247 1319 2314 δέ
1342 2252 1455 2314 πᾶσαν
1481 2247 1578 2334 ζωήν.

1036 2353 1075 2421 οὐ
1102 2353 1164 2442 γὰρ
1192 2353 1233 2420 τά
1262 2358 1319 2421 ἰ’σα
1343 2353 1501 2420 ἀπαιτεῖν
1529 2356 1580 2420 δεῖ

1035 2469 1106 2538 τοῖς
1151 2460 1196 2550 μη
1243 2465 1345 2538 ἰ’σοις·
1393 2459 1470 2527 οὐδὲ
1518 2458 1579 2547 γάρ

1036 2567 1203 2636 δακτύλων
1237 2566 1275 2633 τὸ
1309 2567 1454 2652 βλέπειν,
1496 2565 1579 2634 α’λλά

1037 2675 1224 2764 ὀφθαλμῶν
1262 2679 1375 2751 τοῦτο,
1415 2673 1580 2742 δακτύλου

1038 2781 1187 2864 δὲᾶλλο,
1213 2782 1249 2848 τὸ
1274 2776 1370 2862 εἶναι,
1388 2775 1496 2867 οἶμαι,
1522 2787 1579 2850 δα-

1037 2889 1141 2976 κτύλῳ
1165 2891 1218 2956 καὶ
1243 2889 1281 2955 τὸ
1305 2889 1407 2956 αὐτοῦ
1430 2887 1529 2970 ἔχειν.

993 2999 1043 3063 ΙΙΙ
1069 3000 1124 3080 3,ι
1150 2994 1274 3074 άτοπος
1297 2995 1368 3063 δτι)
1392 2997 1495 3063 πλέον
1518 2995 1580 3063 άπ-

1038 3109 1139 3171 αιτιῦν
1171 3109 1230 3170 τοῦ
1260 3103 1434 3180 δοθέντος,
1465 3103 1579 3191 ὥσπερ

1039 3210 1069 3276 εἰ
1095 3213 1149 3277 καὶ
1175 3211 1230 3277 ε’πῖ
1258 3215 1323 3276 τοῖν
1352 3207 1459 3276 ἄλλων
1488 3211 1580 3296 ζῴων

1038 3315 1178 3384 άπαιτοῖ
1200 3321 1255 3384 καὶ
1277 3322 1343 3383 τῶν
1366 3322 1492 3406 φυτῶν.
1531 3320 1581 3384 δεῖ

1039 3423 1099 3512 γάρ
1139 3423 1178 3491 οιῗ
1213 3426 1336 3513 ζητεῖν,
1376 3422 1407 3489 εί
1443 3423 1579 3491 ἔλαττον

1039 3530 1153 3614 ἄλλον,
1186 3529 1255 3598 άλλ’
1286 3530 1317 3597 εἰ
1339 3530 1384 3608 ως
1412 3523 1579 3597 αδεὺάδ-

1037 3644 1174 3728 σαρκοῖ-ς.

994 3748 1041 3815 VI
1065 3749 1129 3830 3,ιι
1157 3743 1321 3834 πιθήκων,
1338 3746 1451 3834 φησίν,
1468 3743 1489 3811 δ
1506 3744 1580 3812 κάλ-

1038 3856 1149 3930 λιστος
1195 3851 1309 3943 αἰσχρί
1315 3878 1332 3930 ς
1379 3852 1580 3938 συμβάλλειν

1038 3959 1137 4048 ἑτέρῳ
1162 3961 1256 4046 γένει.
1293 3957 1362 4026 άλλ’
1386 3957 1439 4048 ἐφ’
1459 3959 1580 4026 ἑαυτοῦ

1037 4068 1097 4152 μὲν
1129 4067 1237 4146 καλὸν,
1269 4066 1353 4158 πρὸς
1383 4063 1463 4133 ἄλλο
1496 4067 1533 4134 δέ
1562 4064 1579 4154 r'J

1037 4174 1170 4241 κάλλιον
1195 4172 1213 4264 ἢ
1236 4173 1436 4241 τούναντίον.

449 4428 465 4494 “)
487 4428 527 4480 Ad
549 4425 562 4482 ὁ
582 4433 697 4482 λέων-
712 4427 779 4496 ζωῆς
799 4429 904 4481 Russus
924 4444 948 4494 p.
963 4427 997 4480 35
1022 4427 1217 4480 conferendum
1237 4427 1344 4478 censuit
1367 4424 1472 4490 1112„
1495 4422 1579 4478 Ζώων

354 4519 382 4571 δὲ
409 4525 447 4578 είς
472 4512 570 4585 ίίλληλα
596 4514 746 4588 ἆνιιγκιιῖιιι
775 4523 803 4570 αἱ
829 4521 968 4577 ἐπιθέσεις
993 4522 1036 4570 καί
1063 4523 1177 4586 φθοραί,
1206 4515 1252 4569 sed
1277 4531 1363 4580 neque
1386 4515 1470 4568 verba
1494 4529 1579 4579 neque

354 4623 450 4659 sensus
470 4609 598 4660 convenit
617 4609 689 4659 intel·
708 4607 757 4660 has
777 4609 937 4660 sententias,
