3442 5324
749 423 791 487 57

665 515 873 522 --.---.-.

156 635 273 701 elucet
320 635 464 702 Nuntius
493 637 578 701 enim
608 637 664 716 qui
697 637 732 702 in
762 636 992 703 Phoenissis
1026 639 1190 704 Iocastam
1219 639 1258 704 de
1286 642 1384 705 rebus

155 743 200 807 ad
223 749 337 823 portas
361 742 453 808 urbis
476 743 580 824 gestis
604 743 778 809 certiorem
800 743 918 826 reddit,
946 749 1078 825 praeter
1101 744 1170 810 alia
1194 746 1275 811 haec
1300 745 1383 811 facit

155 851 260 915 verba
283 848 328 934 (v.
349 849 552 935 1196-98):

372 962 527 1054 πύργων
549 963 620 1049 μὲν
643 957 712 1032 οὖν
734 969 802 1053 γῆς
825 963 991 1050 ἔσχομεν
1014 966 1271 1056 κατασκαφὰς

372 1070 430 1149 εἰς
452 1070 520 1161 τὴν
543 1076 748 1161 παροῦσαν
773 1071 939 1162 ἡμέραν·
972 1071 1003 1140 εἰ
1026 1072 1055 1140 d'
1078 1071 1216 1163 εὐιυχῆς

372 1176 465 1247 ε”σται
489 1176 526 1247 τὸ
550 1178 668 1247 λοιπὸν
692 1177 750 1268 ἥδε
772 1183 821 1270 γῆ,
845 1186 942 1258 θεοῖς
964 1179 1066 1265 μέλει.

247 1413 374 1497 Quibus
390 1414 501 1480 verbis
525 1411 583 1490 εἰς
605 1410 674 1501 τὴν
697 1417 905 1502 παροῦσαν
928 1411 1076 1503 ἡμέραν
1100 1422 1240 1498 apparet
1263 1416 1383 1482 bellum

157 1518 241 1584 illud
279 1539 344 1585 non
383 1521 445 1586 hoc
483 1519 555 1602 ipso
594 1520 648 1586 die
687 1522 744 1586 sed
783 1522 1005 1603 compluribus
1044 1522 1159 1588 diebus
1198 1529 1274 1588 ante
1313 1543 1384 1589 cum

154 1626 306 1692 hostibus
341 1627 414 1708 geri
449 1633 599 1709 coeptum
634 1647 722 1708 esse;
769 1632 868 1708 atque
902 1630 936 1694 id
972 1630 1101 1708 quidem
1137 1649 1208 1696 cum
1242 1631 1385 1698 veritate

89 1800 93 1806 ,
154 1752 266 1798 rerum
294 1733 398 1800 solum
427 1735 594 1816 convenit,
627 1754 731 1815 neque
762 1735 848 1800 enim
876 1737 1010 1802 nuntius
1039 1737 1182 1803 habebat
1212 1757 1270 1802 cur
1295 1736 1386 1804 iacta

154 1839 259 1905 aliter
286 1850 457 1907 enarraret
486 1849 584 1922 atque
614 1862 650 1908 re
674 1862 755 1908 vera
783 1849 878 1908 erant
905 1849 1055 1926 peraeta,
1087 1844 1282 1925 praesertim
1313 1864 1385 1911 cum

156 1945 251 2012 facta
283 1954 438 2014 enarrata
475 1968 540 2014 non
573 1968 675 2029 aeque
708 1955 807 2029 atquc
844 1949 880 2014 in
912 1969 1032 2016 scaena
1065 1956 1201 2031 peraeta
1234 1951 1302 2032 legi
1333 1951 1386 2017 illi

155 2061 268 2120 essent
291 2057 448 2122 subiecta.
495 2057 674 2123 Praeterea
697 2063 820 2138 autem,
852 2058 881 2124 si
905 2077 957 2124 res
981 2059 1072 2140 ipsas
1095 2059 1304 2141 respicimus,
1330 2059 1384 2140 qui

155 2162 233 2228 fieri
256 2164 379 2245 potuit,
410 2170 447 2229 ut
470 2183 532 2245 quo
558 2164 611 2229 die
635 2164 834 2246 Argivorum
863 2165 1027 2231 exercitus
1055 2165 1252 2248 advenisset,
1282 2173 1386 2232 totum

155 2269 241 2334 illud
264 2271 385 2335 bellum
408 2270 636 2355 gereretur)
866 2349 867 2352 Ἴ

247 2376 318 2442 Iam
346 2378 554 2459 pervenimus
585 2380 627 2444 ad
658 2398 729 2444 eam
759 2397 827 2444 rem
859 2379 1118 2461 disquirendam,
1150 2385 1259 2445 utrum
1287 2381 1386 2446 Euri-

155 2485 267 2568 pidem
296 2485 395 2550 etiam
429 2485 505 2551 aliis
539 2485 623 2551 loeis
653 2486 767 2552 unius
798 2485 877 2553 diei
909 2487 1147 2553 observandi
1177 2506 1295 2553 eausa
1322 2507 1384 2553 res

155 2592 281 2658 aliter
308 2593 575 2674 composuisse
604 2593 868 2660 demonstrari
898 2594 1029 2675 possit
1056 2601 1173 2674 atque
1202 2613 1266 2660 eos
1295 2615 1385 2676 poe-

156 2706 219 2765 tas
251 2704 309 2764 aut
331 2699 511 2782 scriptores
541 2700 609 2782 legi
639 2701 692 2766 illi
719 2719 785 2767 non
814 2703 998 2782 obsecutos,
1031 2701 1240 2781 exquibus
1270 2721 1386 2783 argu-

155 2813 288 2872 menta
321 2806 543 2873 fabularum
576 2807 724 2890 hausit,
759 2828 887 2875 neone.
945 2808 1046 2889 Atqui
1078 2809 1222 2890 plurima
1253 2808 1386 2875 illorum

157 2913 339 2979 carminum
375 2920 517 2979 aetatem
552 2934 615 2980 non
651 2915 766 2981 tulisse
802 2933 899 2996 quam
933 2915 1076 2982 maxime
1111 2922 1162 2982 est
1196 2915 1386 2997 dolendum;

157 3028 268 3086 tamen
292 3041 309 3086 e
333 3021 499 3088 nonnullis
523 3023 653 3102 quidem
682 3022 840 3104 exemplis
869 3041 946 3088 usus
970 3022 1170 3104 Euripideus
1201 3023 1385 3104 apparebit.

249 3129 287 3194 ln
311 3129 481 3213 Cyclope
505 3130 590 3194 enim
615 3131 837 3211 componenda
853 3129 1031 3211 Euripides
1048 3147 1242 3210 quamquam
1267 3129 1386 3196 ceteris

158 3237 193 3301 in
217 3239 315 3302 rebus
340 3236 507 3320 Odysseae
531 3237 651 3302 librum
675 3256 795 3302 nonum
818 3237 979 3319 sequitur,
1005 3243 1124 3319 tamen,
1154 3237 1183 3302 si
1206 3243 1386 3318 temporum

160 3345 306 3410 rationes
345 3344 554 3426 respicimus
596 3345 741 3426 vestigia
779 3344 914 3410 Homeri
956 3344 1123 3425 relinquit.
1182 3342 1261 3410 (ium
1288 3345 1387 3410 ,enim

160 3452 195 3518 in
220 3453 391 3518 carmine
416 3451 526 3533 epieo
551 3452 667 3519 Ulixes
695 3471 755 3534 per
777 3452 922 3518 triduum
945 3452 1032 3533 apud
1055 3451 1290 3535 Polyphemum
1314 3471 1387 3519 ver-

160 3730 303 3784 decsrtaus
329 3727 400 3782 hunc
419 3729 530 3796 vicerit,
556 3728 668 3782 Orestes
687 3731 716 3781 et
734 3727 876 3782 Menelaus
901 3726 1024 3782 consiliis
1043 3728 1251 3782 communicatis
1270 3727 1388 3796 Neopto-

160 3819 260 3874 lemum
286 3819 468 3872 necavissent.
513 3817 718 3886 Neoptolemum
754 3819 841 3888 igitur
867 3818 948 3870 initio
975 3817 1087 3872 fabulae
1118 3818 1205 3884 ipsius
1230 3818 1285 3870 iam
1317 3833 1387 3870 com·

159 3909 283 3976 pluribus
309 3907 404 3962 diebus
437 3911 502 3960 ante
532 3915 671 3960 mortuum
701 3921 760 3961 esse
786 3905 940 3962 Verrallius
972 3910 1054 3974 putat
1081 3921 1134 3960 non
1165 3906 1222 3959 alia
1252 3905 1388 3959 adductus

160 4014 253 4065 causa,
273 3998 398 4063 nisique
418 3998 476 4050 veri
495 3996 613 4051 similius
631 3997 747 4050 nuntius
770 3996 817 4050 ille
835 3995 886 4050 hoe
904 3997 963 4062 ipsu
983 3995 1027 4050 die
1046 3994 1156 4048 Pthiam
1176 3993 1317 4049 afferatur.
1351 3995 1389 4048 At

160 4091 352 4156 praeterquam
379 4086 449 4152 quod
477 4085 545 4140 talis
572 4085 709 4154 praelusio
738 4085 870 4155 analogia
898 4085 1007 4138 omnino
1030 4088 1118 4152 caret,
1147 4085 1182 4138 iis
1209 4099 1279 4150 quae
1304 4099 1388 4152 supra

161 4176 245 4231 attuli
268 4177 440 4245 argumentis
465 4191 566 4230 causae
590 4175 744 4229 sententiae
767 4175 843 4228 illius
867 4189 954 4228 vanae
977 4173 1061 4240 fiunt,
1088 4188 1149 4226 cum
1167 4177 1264 4240 poetae
1287 4174 1389 4242 tragici

161 4268 242 4320 unius
262 4265 316 4319 diei
342 4264 505 4320 observandi
524 4280 607 4318 causa
630 4265 722 4332 spatia
745 4268 774 4318 et
792 4269 944 4331 temporum
967 4267 996 4316 et
1021 4262 1140 4316 locorum
1164 4261 1314 4333 neglegant
1340 4261 1387 4330 (cl.

163 4355 266 4422 Nestla
287 4353 479 4409 Wochenschr.
496 4353 516 4409 l.
530 4353 567 4410 hl.
584 4353 631 4408 Ph.
651 4353 720 4408 1906
739 4353 786 4408 Nr.
800 4353 853 4423 23).

252 4447 271 4514 ¹)
291 4445 367 4512 Quae
390 4459 434 4498 res
458 4460 492 4497 ne
511 4443 724 4498 Valckenarium
743 4443 852 4510 quidem
876 4441 983 4512 fugisse
1002 4441 1124 4510 videtur,
1147 4443 1245 4510 quippe
1263 4441 1310 4507 qui
1328 4455 1388 4495 ver-

163 4549 220 4590 sum
242 4535 310 4589 1197
330 4535 369 4588 sic
388 4538 495 4587 vertat:

374 4621 507 4692 „Sabure
526 4629 614 4678 turres
633 4623 796 4678 hactenus
814 4623 892 4677 nobis
910 4622 1031 4676 datunr“.
