3496 5310
762 402 806 468 65

169 615 289 697 ubique
320 613 490 684 nominans
520 613 594 682 illos
625 615 741 682 heroes
773 635 853 699 quos
879 606 982 683 ceteri
1004 617 1146 684 Romani
1169 617 1342 686 ductuum
1364 625 1400 686 et

169 722 310 789 Aeaeam
333 722 501 804 appellare
524 729 732 789 consuerant.
771 728 805 790 et
830 742 901 790 cum
924 723 1089 806 permulta
1111 725 1245 792 nomina
1268 726 1400 794 Graeca

170 830 315 898 virorum
341 829 473 898 deorum
499 829 697 913 dearumque
721 829 832 899 vitare
851 849 917 897 non
932 836 1054 913 posset,
1079 833 1261 914 permultas
1276 833 1400 900 formas

169 939 318 1008 Graecas
342 937 377 1004 in
400 936 579 1004 orationem
604 937 765 1019 poeticam
784 937 1006 1004 Romanorum
1030 937 1242 1007 introducere
1265 947 1400 1008 coactus

169 1052 230 1128 est,
258 1063 395 1127 quarum
412 1063 587 1112 numerum
611 1063 708 1126 quam
731 1045 870 1112 maxime
895 1046 1021 1112 distare
1043 1047 1086 1112 ab
1110 1047 1152 1114 iis
1176 1066 1258 1129 quas
1282 1055 1402 1131 poetae

170 1153 370 1221 vetustiores
407 1151 469 1219 sihi
508 1157 756 1233 concesserant,
794 1152 952 1235 exemplis
990 1172 1091 1236 supra
1129 1156 1277 1222 collectis
1316 1158 1400 1222 satis

169 1259 387 1344 intellegitur.
427 1265 537 1326 tamen
554 1277 665 1326 omnes
682 1259 934 1327 terminationes
949 1261 1098 1328 Graecas
1122 1262 1279 1330 adhibere
1301 1276 1401 1330 ausus

170 1389 236 1436 non
261 1373 322 1434 est.
370 1367 525 1452 genetivo
550 1367 583 1433 in
607 1389 654 1434 -cs
678 1373 820 1434 exeunte
842 1368 973 1434 omuino
997 1368 1169 1452 abstinuit,
1195 1371 1252 1436 sed
1275 1371 1399 1439 Andro-

168 1477 299 1545 machae
334 1474 445 1544 Obrue
473 1472 621 1558 Cyllenae
645 1474 807 1542 Hesionae
845 1475 983 1557 formas,
1023 1495 1093 1542 cum
1128 1485 1233 1543 metro
1267 1497 1402 1560 prorsus

170 1582 424 1666 satisfacerent,
461 1581 621 1649 adhibuit.
676 1582 765 1649 illurn
802 1583 990 1666 genetivum
1025 1584 1207 1651 orationem
1240 1585 1402 1667 poeticam

169 1691 333 1760 invasisse
356 1709 416 1773 per
438 1689 654 1757 imitationem
675 1688 851 1756 carminum
869 1690 1070 1758 Graecorum
1088 1693 1129 1758 ad
1146 1693 1281 1760 verbum
1298 1713 1402 1776 paene

171 1801 295 1867 iactam
320 1817 421 1880 supra
447 1797 596 1878 vidimus,
621 1815 692 1863 cum
716 1799 757 1864 de
777 1797 900 1864 Catulli
924 1799 1054 1866 ratione
1078 1801 1181 1866 verba
1206 1797 1402 1871 faceremus.

169 1909 309 1976 eandem
348 1905 451 1973 inisse
490 1923 639 1984 causam,
679 1922 738 1970 cur
776 1905 970 1972 Horatius
1007 1906 1141 1974 Suades
1180 1907 1306 1974 dicaret
1343 1928 1403 1991 pro

169 2015 310 2082 Semelae
332 2013 367 2079 iu
391 2012 467 2079 libri
490 2011 587 2094 primi
611 2012 754 2078 carmine
779 2011 1019 2080 undevicesimo
1044 2020 1194 2096 apertum
1219 2021 1280 2082 cst.
1327 2035 1403 2083 nam

169 2123 203 2189 in
229 2120 381 2205 epistulis
406 2120 493 2187 nullo
518 2120 624 2186 utitur
647 2120 801 2202 genetivo
827 2119 890 2186 nisi
914 2139 973 2202 per
998 2143 1051 2188 -uc
1073 2121 1268 2188 terminato:
1295 2122 1405 2192 Circae

169 2231 345 2313 Parclopoe
378 2228 416 2312 (I
443 2229 473 2294 2.
494 2227 612 2312 acas).
669 2234 841 2310 postquam
879 2233 989 2294 autem
1029 2248 1049 2294 a
1086 2229 1217 2296 Catullo
1253 2231 1403 2314 Vergilio

170 2337 311 2404 Horatio
335 2341 387 2402 tot
411 2335 538 2403 formae
562 2334 712 2401 Graecae
736 2335 908 2401 adhibitae
935 2343 1027 2418 sunt,
1059 2341 1179 2418 poetae
1214 2337 1268 2419 qui
1292 2355 1403 2404 eorum

170 2443 323 2528 vestigiis
354 2443 570 2523 insistebant,
602 2441 854 2508 terminationes
881 2443 1027 2508 Graecas
1057 2462 1193 2510 servare
1226 2446 1308 2510 adeo
1339 2463 1403 2512 non

171 2551 272 2620 veriti
303 2558 394 2630 sunt,
427 2553 464 2616 ut
494 2556 586 2615 certa
618 2549 759 2631 quadam
790 2549 920 2620 ratione
952 2550 1083 2617 nomina
1108 2551 1241 2617 Graeca
1264 2551 1405 2620 Graecis

170 2677 246 2726 cum
270 2657 559 2724 terminationibus
582 2656 734 2722 versibus
758 2655 889 2722 Latinis
912 2657 1129 2724 innecterent.
1172 2677 1278 2740 neque
1302 2657 1405 2742 igitur

172 2765 289 2832 vitium
306 2764 503 2843 habebatur,
526 2763 610 2844 quod
627 2763 759 2829 nomina
775 2763 908 2846 generis
925 2763 1074 2830 feminini
1094 2783 1176 2846 quac
1197 2765 1229 2830 in
1254 2766 1403 2832 nomina-

170 2873 243 2940 tivo
267 2871 301 2938 in
322 2897 368 2960 -η
393 2871 556 2952 desinunt,
581 2869 616 2936 in
633 2870 789 2954 genetivo
813 2871 1014 2938 Graecorum
1031 2890 1122 2938 more
1139 2873 1403 2956 declinabantur,

170 2981 233 3046 illa
255 2985 364 3046 autem
388 2997 522 3060 quorum
544 2978 735 3044 terminatio
756 3001 791 3043 -a
815 2982 899 3058 arat,
924 2979 957 3044 in
983 2979 1175 3046 accusativo
1199 3001 1257 3046 -au
1280 2981 1405 3046 litteris

169 3087 373 3154 finiebantur
403 3085 534 3152 ratione
563 3085 725 3152 inusitata
757 3104 828 3152 cum
860 3086 947 3167 apud
977 3087 1180 3154 vetustiores
1215 3093 1284 3153 tum
1318 3089 1405 3170 apud

171 3193 355 3278 Vergilium
380 3199 415 3259 et
438 3193 622 3260 Horatium.

263 3301 464 3385 Quamquam
495 3299 685 3383 aVergilio
716 3318 834 3367 novum
865 3319 969 3384 genus
1000 3301 1127 3367 dicendi
1159 3302 1266 3382 poetis
1295 3303 1403 3368 heroi·

170 3428 284 3476 corurn
318 3408 497 3475 carminum
529 3409 675 3474 oblatum
707 3412 759 3474 est
790 3404 906 3474 formis
930 3409 1069 3474 Graecis
1098 3413 1165 3473 tarn
1191 3410 1336 3492 plenum,
1368 3417 1405 3476 ut

171 3516 311 3584 Ovidius
340 3515 427 3599 ipse,
460 3515 488 3580 si
518 3515 762 3581 multitudinem
793 3515 956 3581 nominum
984 3515 1110 3582 Gracco
1141 3535 1228 3582 more
1260 3517 1405 3583 declina-

170 3631 281 3689 torum
314 3623 521 3716 respicimus,
556 3641 577 3688 a
607 3621 754 3705 Vergilio
787 3641 849 3687 non
883 3623 932 3688 ita
967 3622 1102 3688 multum
1140 3623 1257 3703 distet,
1293 3627 1404 3689 tamen

171 3729 323 3797 nonnulli
354 3739 473 3812 poetae
503 3729 565 3796 hac
595 3729 628 3794 in
660 3747 697 3796 re
721 3729 902 3812 Vergilium
928 3729 1059 3795 minime
1090 3729 1210 3795 imitati
1235 3736 1322 3813 sunt,
1347 3731 1406 3796 sed

171 3857 245 3906 cum
261 3837 403 3904 Horatio
426 3837 480 3918 qui
503 3837 535 3902 in
561 3837 765 3903 sermonibus
790 3836 1007 3902 castissimum
1032 3855 1067 3901 se
1091 3838 1246 3918 praebuit
1267 3837 1405 3921 diligen-

170 3946 398 4027 tissimumque
431 3944 544 4009 Latini
577 3943 734 4010 sermonis
767 3944 1031 4024 observatorem,
1068 3944 1232 4011 facientes
1267 3963 1404 4026 perraro

171 4053 422 4119 terminationes
453 4051 600 4119 Graecas
637 4050 851 4118 admiserunt.
907 4050 1090 4116 Tibullus
1121 4056 1155 4115 et
1181 4050 1404 4134 Lygdamus

171 4159 230 4242 qui
254 4159 389 4241 dicitur,
415 4160 497 4225 adeo
521 4158 661 4224 Romani
685 4165 798 4242 erant,
828 4158 919 4224 utin
944 4177 1055 4223 eorum
1081 4159 1229 4224 centenis
1253 4157 1403 4229 versibus

171 4267 323 4350 singulae
347 4271 476 4333 tantum
501 4265 627 4332 formae
644 4267 795 4333 Graecae
818 4265 913 4332 nobis
937 4271 1121 4332 occurrant.
1154 4266 1271 4347 siquis
1292 4274 1403 4332 tamen

172 4375 246 4441 sola
269 4394 287 4440 e
311 4355 522 4440 multitudine
546 4373 598 4440 vel
622 4373 794 4454 paucitate
819 4374 997 4438 formarum
1024 4373 1224 4439 Graecarum
1254 4391 1338 4454 quae
1370 4374 1403 4438 in

172 4499 282 4549 eorum
300 4479 395 4547 libris
412 4479 635 4561 inveniuntur,
654 4481 694 4545 de
710 4480 838 4546 ratione
857 4499 951 4561 quarn
970 4480 1093 4562 singuli
1110 4487 1227 4562 poetae
1248 4480 1403 4560 inierunt,

172 4588 326 4660 iudicium
350 4585 490 4672 faceret,
516 4587 545 4653 is
569 4607 641 4653 mea
665 4587 794 4669 quidem
819 4587 984 4653 sententia
1009 4596 1146 4653 erraret.
1194 4589 1269 4668 quin
1295 4587 1404 4669 potius

226 4727 404 4782 snlchotta,
419 4727 454 4770 Da
467 4737 555 4773 vocum
570 4727 656 4772 Graec.
672 4737 723 4770 usn.
1280 4711 1297 4763 5
