3496 5310
769 419 830 486 ω

742 669 847 755 91οζ
879 679 881 684 ’

265 794 360 861 Inter
391 799 509 878 poetas
542 794 670 876 priores
702 787 737 860 et
767 785 966 862 Ciceronem
989 794 1051 859 hoc
1083 785 1235 860 nonna
1254 783 1405 876 interest,

176 901 262 983 qrrod
285 901 314 968 is
339 899 501 969 Graecum
528 919 660 968 carmen
683 893 719 968 in
742 901 887 985 linguam
910 891 1067 968 Latinam
1092 891 1252 993 traduxit,
1278 899 1406 972 Ennius

176 1016 211 1075 et
234 1008 410 1075 Lucretius
434 1026 524 1092 suam
550 1005 721 1076 materiam
747 1008 790 1074 ad
805 999 1029 1075 Romanorum
1052 997 1181 1074 niodum
1205 1011 1406 1087 tractarunt,

176 1134 371 1198 quemqnam
399 1115 436 1182 hi
467 1133 592 1198 qnoque
617 1110 758 1196 Graecis
785 1134 847 1181 non
871 1134 1006 1198 prorsus
1029 1105 1288 1183 abstinuerunt.
1320 1101 1407 1182 unde

175 1222 278 1290 facile
301 1222 519 1307 intellegitur,
545 1241 603 1289 cnr
618 1223 754 1290 Cicero
778 1242 842 1289 non
867 1223 970 1290 solum
994 1207 1045 1288 tot
1062 1211 1252 1304 nominibus
1263 1221 1407 1304 propriis

175 1329 316 1398 Graecis
356 1331 415 1398 sed
454 1331 553 1397 etiam
592 1324 745 1422 pluribus
779 1330 918 1397 Graecis
958 1323 1071 1396 formis
1109 1348 1189 1396 usus
1226 1327 1273 1396 sit
1311 1319 1407 1410 onam

176 1437 362 1504 anteriores
386 1442 514 1520 poetae.
560 1456 632 1504 cum
656 1437 742 1504 enim
767 1438 894 1504 caelum
918 1429 1067 1520 caelique
1090 1427 1186 1520 signa
1209 1435 1259 1503 ita
1283 1435 1406 1503 descri-

175 1547 273 1612 beret
286 1609 290 1616 ,
303 1552 340 1612 nt
372 1547 512 1628 Aratus,
547 1563 647 1628 saepe
680 1545 813 1612 nomina
846 1563 971 1627 quoque
1004 1543 1135 1614 illorum
1167 1535 1320 1610 iuvenum
1353 1543 1408 1625 vel

174 1645 357 1738 virginum,
402 1671 481 1735 qnos
525 1653 558 1728 in
603 1652 731 1720 caelum
771 1641 878 1720 elatos
918 1652 1039 1720 Graeci
1078 1649 1331 1733 fabulabantur,
1373 1649 1408 1718 ¹ei

175 1759 370 1842 recipienda
406 1764 513 1826 erant.
567 1759 618 1826 his
655 1765 764 1827 autem
801 1760 945 1841 receptis
978 1751 1229 1828 terminationes
1260 1749 1407 1826 Graecas

175 1867 299 1934 mutari
341 1887 406 1933 non
448 1865 596 1951 potuisse
639 1886 740 1951 snpra
782 1865 1087 1934 demonstravimus.
1145 1859 1251 1948 vatque
1293 1849 1408 1934 Cicero

175 1975 305 2058 quidem
345 1974 460 2042 eadem
499 1969 539 2040 de
579 1993 680 2040 cansa
715 1993 780 2057 qna
817 1974 913 2042 brevi
947 1981 1028 2062 post¹
1054 1973 1244 2054 Lucretius,
1263 1953 1265 1962 ¹
1281 1961 1406 2040 formas

175 2083 326 2150 Graecas
342 2082 486 2165 admisit,
511 2081 640 2148 scilicet
663 2082 741 2164 qnia
757 2079 879 2147 Graeci
895 2082 944 2147 ita
960 2081 1188 2164 loquebantur.
1221 2065 1409 2156 nominibus

175 2188 408 2274 geographicis
424 2189 574 2262 Graecas
594 2190 675 2256 dare
699 2188 952 2256 terminationes
976 2179 1102 2254 veritus
1127 2191 1188 2270 est,
1213 2206 1285 2276 cnm
1310 2173 1408 2256 metri

175 2289 309 2364 ratione
333 2297 381 2364 eis
404 2293 455 2363 nti
478 2316 543 2365 non
568 2301 749 2381 cogeretur,
774 2305 811 2363 ut
837 2295 936 2364 Odius
953 2283 1165 2382 (thamiris.
1201 2287 1422 2365 sed'Ciceror

175 2425 250 2472 nem
284 2424 349 2470 non
380 2403 476 2471 nimis
505 2405 680 2471 adamasse
704 2395 835 2469 Graeca
858 2401 1023 2470 vocabula
1046 2393 1191 2467 nominis
1210 2391 1408 2484 Cassiepaiae

176 2512 287 2578 forma
317 2513 413 2578 docet
445 2510 610 2595 Cassiepia
640 2509 792 2597 (XXXII
816 2509 905 2595 443).
958 2509 1071 2591 itaque
1101 2508 1137 2574 in
1169 2507 1239 2575 eins
1260 2499 1407 2575 ¹Arateis

176 2627 319 2701 utraque
349 2619 436 2685 ratio
466 2618 653 2700 invenitur,
685 2624 719 2683 et
750 2635 789 2682 ea
815 2635 910 2698 quam
934 2616 1095 2682 castiores
1120 2621 1239 2698 poetae
1261 2614 1408 2682 inierant

176 2733 212 2793 et
237 2745 279 2793 ea
302 2745 397 2808 quam
421 2725 581 2792 neoterici
603 2726 702 2809 paulo
727 2730 802 2808 post
824 2729 1034 2810 receperunt.

696 2991 699 3000 ·
746 2957 842 3042 §11-

269 3083 314 3150 Hi
344 3089 463 3166 poetae
498 3082 616 3165 quibus
644 3079 799 3171 νεώτεροι
821 3093 937 3148 nomen
969 3080 1081 3145 datum
1112 3084 1178 3160 est,
1210 3077 1409 3145 aOioerone

177 3190 313 3273 saepius
343 3191 537 3274 reprehensi
567 3197 662 3274 sunt,
693 3191 781 3273 quod
812 3205 934 3255 novom
964 3206 1068 3272 genus
1097 3186 1130 3252 in
1162 3185 1275 3268 poesin
1305 3187 1408 3252 intro-

177 3301 340 3366 ducerent
372 3298 468 3366 nimis
502 3298 755 3382 graecissantes
810 3295 915 3363 illusit
949 3295 1181 3362 cantoribus
1212 3293 1408 3375 Euphori-

177 3408 267 3475 onis
284 3407 395 3493 (Tnso.
412 3405 549 3490 11145),
572 3407 661 3473 inter
677 3423 757 3487 quos
774 3404 908 3487 ingenio
924 3408 958 3469 et
975 3400 1408 3469 arte-excellit-datnllns

176 3515 211 3582 in
245 3515 361 3598 elegiis
397 3519 432 3581 et
464 3513 595 3598 epylliis
619 3512 740 3579 eodem
773 3512 868 3578 modo
903 3529 965 3593 quo
1001 3525 1111 3576 omnes
1146 3507 1217 3574 eius
1252 3507 1411 3590 temporis

176 3627 313 3708 poetae,
347 3621 440 3690 velut
472 3621 595 3687 diona
626 3625 665 3686 et
693 3618 888 3705 Calvum),
922 3615 1224 3684 Alexandrinorum
1256 3613 1409 3698 vestigiis

177 3747 305 3800 summo
325 3747 406 3796 cnm
437 3729 546 3796 studio
577 3728 760 3811 ingressus
777 3721 839 3794 est.
890 3725 1106 3792 inveniuntur
1137 3723 1250 3808 igitur¹
1272 3723 1306 3789 in
1338 3722 1408 3788 eius

178 3837 378 3905 carminibus
410 3837 663 3904 terminationes
686 3835 852 3916 Graecae,
884 3851 970 3915 quae
1000 3833 1043 3898 ab
1073 3833 1227 3898 omnibns·
1251 3831 1410 3913 quiante

179 3965 253 4014 enm
297 3963 415 4014 versus
459 3944 672 4028 pepigerunt,
715 3943 895 4025 multisque
934 3959 1045 4007 eornm
1085 3940 1139 4022 qni
1179 3939 1290 4006 secuti·
1322 3944 1409 4020 anot,

180 4054 311 4121 alienae
354 4057 459 4119 erant.
522 4051 645 4134 primns
666 4095 670 4100 -
689 4050 774 4116 enim
818 4049 1006 4133 genetivum
1045 4065 1106 4130 per
1131 4069 1190 4126 fas
1227 4045 1410 4112 terminare

180 4179 282 4228 ausus
315 4165 368 4227 est
399 4177 504 4241 nequa
533 4159 693 4226 Phasidos
725 4157 880 4242 genetivo
911 4155 963 4224 uti
996 4153 1173 4224 dubitauit.
1227 4152 1411 4220 nominibus

180 4266 410 4353 geographicis
433 4266 581 4334 Graecas
604 4265 743 4348 reliquie
762 4263 1022 4332 terminationes.
1045 4263 1118 4330 sad
1144 4261 1267 4346 rideas,
1292 4259 1411 4342 quibus

273 4510 292 4588 ι)’
311 4515 354 4572 hlx
373 4516 470 4572 horum
489 4507 612 4582 reliquiis
630 4513 700 4569 nihil
722 4487 817 4568 afferri
834 4517 948 4583 poteet‚'
967 4529 982 4567 e
999 4527 1052 4579 quo
1077 4499 1241 4582 cognoscere
1265 4509 1410 4578 possimne,

181 4607 314 4674 qinomodo
333 4605 543 4660 terminationes
562 4605 682 4658 Graecae
701 4603 885 4658 adhibuerint.
1350 4617 1354 4627 ⁴
1401 4623 1404 4628 ·
