3496 5310
947 389 990 465 36

439 605 532 679 Haec
554 615 632 678 sunt
655 629 740 694 quae
763 620 882 694 poetae
898 613 1038 680 Romani
1061 613 1132 680 eius
1155 614 1242 695 quod
1265 611 1581 696 circumscripsimus

349 719 506 801 temporis
530 719 704 786 eGraeois
727 720 1012 802 deprompserunt.
1049 721 1205 788 nonnulla
1229 726 1341 788 tamen
1358 721 1481 788 addere
1497 739 1580 804 opus

349 833 403 892 est
426 827 467 893 de
490 826 626 893 incertis
650 827 845 910 quibusdam
870 828 1062 896 nominibus.

971 1062 1002 1127 4.

721 1185 774 1252 lle
796 1061 1005 1254 nomin15bus
1028 1186 1191 1254 Incertls

439 1331 468 1395 1.
500 1329 594 1394 Inter
624 1347 665 1394 ea
695 1329 828 1396 nomina
862 1348 997 1411 quorum
1029 1328 1206 1396 declinatio
1237 1349 1255 1397 a
1284 1335 1456 1412 poetarum
1485 1329 1580 1396 libris

347 1435 520 1503 nonsatis
549 1442 668 1519 aperta
696 1442 760 1518 est,
790 1436 948 1519 imprimis
975 1437 1097 1504 Bootae
1119 1456 1234 1503 nomen
1258 1438 1493 1504 numerandum
1517 1443 1580 1519 est,

347 1545 388 1610 de
419 1563 481 1626 quo
512 1543 578 1610 iam
608 1563 709 1627 supra
734 1545 777 1627 (p.
796 1545 851 1629 26)
884 1544 961 1610 dixi.
1009 1545 1148 1627 primum
1182 1545 1404 1612 nominativus
1429 1545 1545 1612 Bootes
1556 1545 1581 1629 ¹)

348 1651 492 1718 occurrit
521 1651 554 1717 in
580 1651 786 1719 Ciceronis
809 1652 945 1718 Arateis
970 1652 1065 1739 (XVI
1089 1657 1123 1718 et
1147 1653 1226 1737 394)
1259 1659 1293 1718 et
1324 1637 1411 1735 apud
1442 1654 1579 1719 eundem

348 1759 481 1826 dativus
505 1759 601 1826 Booti
624 1759 780 1845 (XVIH).
814 1760 1052 1843 Propertius
1075 1761 1176 1827 semel
1200 1762 1401 1827 nominativo
1426 1779 1503 1827 usus
1528 1767 1581 1827 est

247 1886 250 1891 ·
346 1868 459 1934 Bootes
494 1866 565 1953 (III
595 1867 625 1934 b.
647 1865 699 1954 65)
734 1867 767 1933 in
802 1867 867 1933 fine
902 1887 1027 1935 versus.
1086 1868 1204 1936 Ovidi
1239 1867 1369 1934 codices
1406 1867 1490 1934 VIII
1513 1869 1579 1935 206

268 1981 273 1988 “
347 1980 484 2041 tuentur
508 1974 733 2042 accusativum
756 1975 887 2059 Booten,
912 1976 1099 2042 vocativum
1123 1976 1221 2043 Boote
1244 1975 1292 2060 (II
1320 1975 1406 2062 lvo),
1430 1975 1579 2042 nomina-

347 2083 450 2148 tivum
474 2082 590 2149 Bootes
614 2081 659 2169 (X
684 2083 773 2169 447).

436 2189 648 2256 Dubitationi
678 2189 820 2256 obnoxia
844 2198 896 2256 est
919 2189 1027 2256 iorma
1051 2191 1236 2257 accusativi
1260 2191 1380 2259 Booten
1404 2191 1491 2274 apud
1515 2191 1579 2256 Oa·

348 2297 465 2364 tullum
493 2298 545 2365 66.
567 2315 611 2369 cu.
661 2298 719 2364 sed
743 2297 881 2380 primum
912 2297 947 2363 in
971 2298 1068 2366 Ovidi
1100 2317 1200 2364 versu
1231 2300 1271 2364 de
1303 2301 1364 2365 hac
1396 2299 1580 2365 accusativi

347 2404 455 2472 iorma
484 2405 632 2471 dubitari
663 2423 727 2470 non
759 2411 886 2488 potest;
918 2406 1037 2472 deinde
1066 2408 1169 2473 verba
1192 2405 1315 2472 Catulli
1338 2404 1358 2471 ‘.
1385 2459 1391 2471 .
1417 2459 1425 2472 .
1450 2409 1580 2474 turdum

346 2516 413 2580 due
436 2520 507 2580 aute
524 2509 654 2580 Booteu‘
679 2533 836 2596 expressa
860 2514 939 2579 milri
962 2514 1119 2580 videntur
1142 2532 1160 2579 e
1184 2533 1281 2581 versu
1304 2515 1478 2581 Homerico
1504 2513 1577 2599 (Od.

346 2621 494 2704 V272):
527 2617 546 2687 ‘.
574 2673 613 2688 ..
645 2621 701 2688 καὶ
732 2618 798 2708 ὀψὲ
829 2619 950 2687 δύοντα
981 2619 1130 2710 Βοώτην’
1164 2623 1317 2688 similiter
1348 2628 1449 2704 atque
1478 2623 1578 2690 Ovidi

347 2726 427 2796 fast.
453 2727 482 2794 V
504 2728 583 2794 733:

560 2833 695 2920 ‘auferet
717 2857 755 2903 eor
778 2837 877 2903 cuciis
899 2839 1024 2904 scamas
1048 2859 1168 2904 aurora
1189 2833 1330 2904 Booteu‘.

255 2961 258 2968 ·
346 2944 466 3010 Booten
488 2943 593 3027 igitur
617 2945 705 3026 apud
729 2942 893 3011 Catullum
919 2945 1073 3012 tuendum
1098 2964 1170 3011 esse
1194 2964 1322 3012 censeo.

436 3069 466 3135 2.
499 3067 589 3134 Nihil
613 3068 696 3134 certi
721 3073 872 3135 statuere
895 3069 973 3136 licet
998 3070 1038 3136 de
1062 3076 1134 3137 toto
1158 3089 1280 3153 genere
1304 3069 1467 3137 nominum
1493 3091 1578 3155 quae

348 3194 468 3259 graece
484 3175 518 3241 in
535 3199 601 3263 -ης
616 3176 780 3259 desinunt,
806 3177 839 3242 in
856 3178 1011 3260 genetivo
1028 3178 1062 3243 in
1078 3200 1171 3254 -ους,
1209 3178 1432 3245 nominativus
1449 3179 1578 3261 quidem

347 3284 537 3365 plerumque
560 3284 728 3350 retinetur
743 3303 849 3365 neque
865 3307 895 3351 -e
910 3284 1035 3351 vocalis
1052 3285 1237 3370 corripitur,
1262 3286 1404 3353 velutin
1421 3286 1578 3371 Vergili

348 3409 395 3458 ee.
421 3390 449 3455 V
475 3391 518 3457 89
543 3391 719 3476 Antigenes,
750 3391 784 3458 in
809 3391 927 3459 Ovidi
951 3393 1039 3459 XIII
1061 3393 1105 3459 56
1135 3395 1331 3462 Palamedes.
1379 3394 1414 3460 in
1446 3396 1578 3462 casibus

350 3497 492 3579 obliquis
529 3499 612 3564 haec
649 3499 782 3565 nomina
811 3500 915 3566 latine
948 3502 1125 3567 secundum
1157 3502 1291 3568 tertiam
1324 3501 1578 3569 declinationem

348 3611 382 3671 et
413 3607 456 3671 ab
486 3606 646 3672 orationis
678 3608 807 3673 solutae
830 3608 1051 3689 scriptoribus
1076 3615 1110 3674 et
1134 3626 1154 3673 a
1177 3610 1283 3691 poetis
1307 3609 1399 3675 heroi
1424 3611 1579 3677 carminis

347 3713 515 3780 declinata
544 3721 631 3780 sunt.
679 3713 892 3781 Lucretius
920 3715 964 3801 (V
988 3716 1044 3801 29)
1076 3716 1231 3798 genetivo
1262 3716 1371 3783 utitur
1400 3715 1577 3798 Diomedis,

347 3819 552 3904 Vergilius
583 3821 747 3888 Diomedis
772 3827 805 3886 et
829 3823 1026 3906 Polumenis,
1061 3823 1253 3891 Horatius
1280 3825 1444 3892 Diomedis
1470 3825 1579 3894 Timo-

344 3930 443 4013 peuis‚
468 3929 581 3995 dativo
605 3929 762 4008 Diomedi,
788 3929 1022 4011 Propertius
1047 3932 1203 4014 genetivo
1227 3931 1458 4014 Demosthenis,
1484 3934 1579 4001 Ovi·

348 4036 434 4103 dius
461 4035 656 4120 Ganymedis
679 4037 844 4104 Diomedis
873 4045 907 4104 ct
929 4039 1083 4106 Diornede
1111 4039 1269 4107 ablativo.
1321 4040 1355 4106 in
1385 4042 1578 4108 accusativo

439 4251 458 4322 ι)
477 4251 599 4321 Georges
618 4253 647 4305 in
665 4251 753 4306 lexico
772 4268 792 4306 s.
807 4269 833 4306 v.
852 4253 954 4308 Bootes
974 4255 1078 4308 erravit
1096 4253 1228 4309 afferens:

564 4347 663 4411 „genet
683 4342 789 4396 Bootae
810 4341 864 4399 Oic.
883 4343 964 4398 Aret.
986 4348 1038 4398 100
1057 4345 1091 4414 (b.
1112 4345 1198 4398 Risc.
1218 4347 1242 4402 6.
1257 4348 1292 4399 63
1310 4343 1403 4414 Boot]

561 4431 618 4487 dat.
637 4430 722 4485 Booti
744 4431 836 4487 (litero
854 4433 887 4487 de
905 4439 964 4487 nat.
983 4433 1055 4490 deor.
1075 4434 1097 4488 I
1111 4434 1189 4489 110⁸.

347 4533 411 4573 nam
430 4519 483 4574 Cio.
498 4519 577 4575 Arat.
597 4521 650 4574 100
667 4520 739 4574 idem
757 4525 801 4575 est
819 4525 902 4588 atque
921 4522 954 4576 de
972 4527 1031 4579 nat.
1049 4522 1122 4576 deor.
1142 4523 1170 4576 Π
1185 4523 1236 4578 110
1255 4523 1339 4594 (falso
1358 4523 1480 4594 Georges
1498 4523 1580 4580 1110

347 4609 450 4679 posuit)
470 4625 556 4676 neque
575 4611 684 4663 omnino
704 4611 737 4664 de
756 4614 884 4680 genetivo
903 4613 1022 4681 cogitari
1040 4618 1139 4680 potest.
