3452 5316
614 1449 904 1555 Praelatio,

235 1755 307 1821 Iam
329 1754 425 1820 multi
442 1753 529 1821 docti
545 1753 612 1822 viri
636 1754 878 1838 quaesiverunt,
904 1759 1064 1836 quatenus
1079 1753 1220 1823 Romani
1245 1758 1374 1826 Graeca

145 1862 311 1930 vocabula
340 1861 376 1928 in
407 1881 588 1929 sermonem
618 1882 710 1929 suum
741 1862 935 1945 receperint.
991 1863 1193 1946 Supersedeo
1225 1865 1373 1948 singulos

146 1969 269 2036 afferre
296 1975 330 2035 ct
352 1987 436 2050 quae
464 1971 506 2035 ad
535 1969 627 2035 illam
651 1970 876 2051 quaestionem
902 1970 1151 2053 persolvendam
1175 1971 1375 2039 contulerint

145 2075 336 2159 explanare.
390 2076 480 2144 Satis
514 2075 619 2144 habeo
654 2077 862 2144 admonuisse
897 2079 937 2144 de
971 2077 1252 2162 praefationibus,
1293 2097 1374 2160 quas

145 2183 436 2251 dissertationibus
471 2184 713 2267 praemiserunt
746 2185 919 2252 Sniebotta
929 2183 953 2272 ¹)
989 2192 1023 2252 et
1056 2185 1201 2272 uniam),
1238 2205 1374 2268 quorum

145 2311 220 2357 cum
243 2291 301 2357 ille
324 2298 392 2358 tum
417 2292 471 2358 bic
487 2310 571 2373 quae
596 2294 635 2358 de
659 2293 721 2359 bac
744 2312 781 2358 re
796 2291 923 2375 scripta
946 2299 1023 2360 sunt
1045 2293 1141 2376 plene
1164 2294 1372 2360 rettulerunt.

143 2399 326 2465 Praeterea
363 2398 512 2480 equidem
550 2399 585 2464 in
623 2400 893 2467 adnotationibus
932 2401 1197 2484 commemoravi,
1240 2401 1270 2467 si
1309 2419 1372 2482 quo

144 2505 331 2572 huiusmodi
360 2505 447 2572 libro
478 2526 556 2573 usus
586 2526 666 2573 sum.
721 2507 785 2574 Sed
815 2507 1005 2589 plerumque
1036 2507 1087 2573 illi
1117 2507 1184 2576 viri
1214 2508 1303 2574 docti
1333 2511 1372 2574 de

144 2611 332 2679 nominibus
356 2633 377 2680 a
398 2613 538 2682 Graecis
562 2614 762 2696 depromptis
786 2614 869 2696 ipsis
892 2615 1076 2697 generatim
1099 2623 1198 2696 atque
1220 2614 1374 2682 universe

142 2720 247 2786 locuti
277 2739 342 2788 non
370 2722 530 2802 quomodo
558 2722 699 2788 Romani
731 2721 773 2788 iis
804 2721 856 2788 usi
886 2721 955 2788 sint
985 2721 1245 2804 disputaverunt.
1293 2721 1372 2788 Cum

143 2834 254 2894 autem
277 2829 396 2895 mirum
424 2829 482 2912 sit,
515 2830 601 2910 quod
625 2829 827 2897 Graecorum
850 2828 1017 2895 nominum
1049 2829 1176 2895 formae
1198 2830 1293 2895 modo
1322 2829 1373 2895 in·

142 2941 259 3018 tegrae
290 2943 458 3019 servatae,
494 2937 588 3003 modo
623 2939 665 3002 ab
697 2936 816 3002 iisdem
848 2936 955 3019 poetis
987 2935 1119 3002 Latinis
1151 2936 1373 3003 Romanorum

143 3042 288 3109 sermoni
311 3043 517 3110 assimilatae
539 3050 630 3127 sunt,
662 3062 766 3124 neque
779 3033 888 3126 ¹parvi
916 3043 1071 3110 momenti
1100 3043 1146 3109 sit
1167 3043 1372 3128 intellegere,

143 3150 263 3232 quibus
287 3151 327 3216 de
350 3151 459 3217 causis
482 3151 537 3217 bic
553 3151 606 3218 vel
630 3151 687 3218 ille
711 3169 789 3217 usus
810 3151 979 3234 praelatus
1003 3151 1057 3234 sit,
1082 3150 1254 3217 Sniebotta
1277 3171 1373 3218 accu-

141 3263 218 3324 rate
248 3263 474 3340 perscrutatus
506 3264 569 3340 est,
606 3257 757 3339 quotiens
792 3264 825 3324 et
854 3258 972 3339 quibus
1000 3257 1085 3324 locis
1118 3265 1150 3324 et
1182 3257 1300 3339 quibus
1333 3261 1372 3326 16

142 3365 254 3432 causis
283 3371 401 3449 poetae
432 3365 546 3432 Latini
577 3366 735 3449 dactylici
767 3369 808 3432 ab
837 3366 926 3431 Enni
958 3384 1060 3447 usque
1091 3367 1133 3432 ad
1161 3366 1261 3432 Ovidi
1291 3372 1373 3432 tcm-

142 3490 227 3556 pora
250 3471 390 3541 Graecis
419 3471 535 3540 formis
564 3473 616 3540 usi
643 3473 719 3540 sint.
767 3473 915 3539 Eandem
940 3473 1163 3554 quaestionem
1193 3474 1236 3538 11
1258 3478 1374 3555 poetas

143 3586 221 3663 post
244 3579 344 3648 Ovidi
374 3585 522 3663 tempora
549 3581 702 3648 florentes
734 3581 909 3646 extendere
939 3579 1020 3646 mihi
1050 3580 1216 3663 proposui.
1265 3581 1373 3661 Atque

144 3688 282 3754 eandem
311 3685 382 3755 fere
409 3688 498 3756 viam
527 3707 624 3770 quam
654 3687 711 3754 ille
740 3688 908 3771 ingressus
935 3687 1110 3754 materiam
1138 3689 1251 3754 eodem
1277 3689 1373 3754 modo

143 3794 342 3878 dispositam
374 3795 588 3878 pertractavi.
635 3795 748 3862 Primo
784 3795 914 3876 quidem
949 3795 1058 3877 capite
1092 3813 1228 3878 prorsus
1261 3797 1374 3860 eadem

143 3921 211 3984 qua
249 3901 307 3968 ille
344 3902 474 3970 ratione
509 3902 681 3969 materiam
720 3901 919 3968 uberrimam
958 3902 1189 3984 comprehendi
1224 3900 1373 3968 omnibus

237 4135 257 4204 ¹)
276 4133 473 4205 Sniehotta,
493 4135 533 4190 De
546 4151 642 4190 vocum
655 4135 823 4190 Graecarum
842 4134 914 4202 apud
927 4138 1024 4202 poetas
1038 4133 1155 4188 Latinos
1168 4132 1319 4200 dactylicos
1339 4131 1373 4186 ab

143 4225 220 4280 Enni
242 4239 328 4292 usqne
354 4224 390 4280 ad
413 4224 494 4281 Ovidi
517 4233 640 4293 tempora
664 4241 729 4293 usu,
759 4223 906 4280 Breelauer
930 4222 1133 4294 Philologiscbe
1155 4221 1374 4292 Abhandlungen

143 4313 186 4368 IX
204 4315 230 4384 2,
258 4313 375 4370 Brerlan
396 4315 473 4370 1903.

235 4403 257 4474 ¹)
276 4405 421 4476 Augustus
434 4403 546 4476 Ubiel,
566 4403 706 4460 Iuvenalis
726 4405 900 4474 graecissans
920 4404 977 4457 sive
997 4402 1030 4457 de
1044 4401 1156 4457 vocibus
1169 4401 1282 4456 Graecis
1301 4399 1374 4469 apud

144 4491 313 4562 Iuvenalem,
342 4492 529 4551 Vratiolaviae
547 4493 723 4549 MDCCCCV.

199 4635 351 4690 zauber,
370 4635 404 4678 De
419 4645 504 4681 vocum
519 4636 670 4680 Graecarum
685 4645 730 4678 usu
1250 4617 1264 4670 1
