3496 5310
802 409 846 475 55

208 624 422 706 Catullum,
437 623 534 702 gamus
549 624 697 691 carmina
714 623 855 692 Graecis
872 623 1162 692 terminationibus
1178 642 1241 694 non
1259 625 1439 708 abundant,

210 728 370 816 Chalybon
401 731 522 798 dixisse
553 730 748 817 videmus1).
796 732 859 798 lam
893 749 971 798 vero
1001 731 1030 798 si
1054 730 1247 798 Callimachi
1279 733 1382 798 verba
1404 731 1438 797 in

208 838 342 905 scholiis
373 838 415 904 ad
440 838 594 920 Apolloni
619 838 849 922 Argonautica
876 838 931 924 (Π
954 837 1037 923 373)
1075 838 1204 905 tradita
1237 839 1439 922 respicimus,

211 945 314 1011 etiam
337 944 461 1014 Catulli
484 945 602 1014 verba:

467 1048 488 1118 ‘.
514 1105 521 1118 .
546 1102 554 1118 .
578 1059 613 1120 al
638 1049 797 1138 Chalybon
819 1074 908 1120 omne
927 1075 1027 1140 penam
1046 1049 1164 1138 pcreat'

210 1159 255 1228 ad
278 1159 484 1228 Callimachi:

468 1263 488 1332 ‘.
514 1317 520 1332 .
547 1316 555 1331 .
580 1263 746 1352 Χαλίβων
769 1263 814 1343 ὥς
836 1263 997 1333 ἀπόλοιτο
1019 1263 1121 1352 γένος’
1233 1333 1236 1340 ,

207 1381 364 1457 spectare
388 1380 539 1456 apertum
564 1382 617 1441 est
644 1379 679 1442 et
703 1374 866 1441 Catullum
893 1373 1055 1460 Chalybon
1078 1375 1217 1458 dixisse,
1248 1375 1325 1458 quia
1354 1377 1440 1442 hanc

209 1481 349 1549 formam
382 1483 416 1548 in
451 1481 642 1549 Callimachi
677 1499 775 1548 versu
807 1481 945 1549 invenit.
1000 1501 1105 1564 neque
1140 1482 1270 1566 longius
1305 1502 1325 1548 a
1358 1500 1438 1550 vero

207 1589 437 1658 aberrabimus
459 1594 649 1656 statuentes
674 1588 845 1672 Odysseae
868 1608 999 1656 versum
1023 1589 1052 1655 V
1077 1590 1156 1658 272:

530 1692 551 1764 ‘.
576 1747 584 1763 .
609 1747 617 1763 .
641 1695 697 1762 καὶ
721 1691 788 1782 ὀψὲ
811 1693 933 1762 δύοντα
956 1693 1103 1785 Βοώτην’

208 1806 243 1872 iu
269 1806 376 1872 animo
402 1803 506 1872 fuisse
530 1803 661 1870 Catullo
686 1804 956 1876 drosolithon:

529 1909 549 1980 ‘.
576 1963 583 1977 .
610 1963 616 1976 .
641 1913 768 1979 tardum
791 1913 858 1980 dac
880 1919 952 1980 ohta
973 1908 1146 1997 Booten’n.

299 2019 519 2105 Vergilium
555 2018 688 2102 saepius
725 2019 857 2086 Graeca
896 2020 939 2085 ad
978 2020 1113 2087 verbum
1153 2019 1366 2086 transtulisse
1404 2020 1439 2086 in

206 2127 363 2195 Latinum
395 2127 482 2193 inter
513 2144 625 2193 omnes
658 2124 836 2213 constat⁸).
888 2128 975 2208 quod
1008 2133 1140 2194 veteres
1170 2146 1235 2194 non
1265 2127 1439 2211 ignorasse

206 2235 396 2304 Macrobius
419 2235 453 2301 in
470 2232 733 2304 saturnaliorum
749 2233 833 2301 libro
850 2236 964 2317 quinto
986 2233 1073 2324 (cap.
1090 2235 1125 2301 H
1148 2235 1168 2319 ἕ
1183 2236 1205 2300 4
1221 2235 1307 2322 sqq.)
1331 2235 1438 2316 docet,

207 2343 266 2410 ubi
289 2343 453 2426 permulta
476 2342 625 2425 exempla
650 2360 805 2409 versuum
822 2342 1072 2410 Homericorum
1096 2341 1193 2410 affert
1217 2361 1298 2426 quos
1318 2342 1438 2427 Vergi-

206 2450 273 2517 lins
303 2469 397 2517 suum
426 2450 461 2516 in
492 2468 570 2531 epos
601 2448 737 2530 recepit.
790 2449 903 2516 eodem
937 2456 1046 2516 autem
1077 2449 1172 2516 modo
1204 2468 1267 2532 quo
1297 2450 1439 2533 reliquos

206 2563 327 2642 poetas
359 2556 539 2642 Vergilium
575 2557 753 2623 adductum
785 2575 873 2640 esse,
913 2564 950 2624 ut
982 2557 1111 2624 uomina
1144 2575 1269 2639 quoque
1304 2557 1439 2640 propria

208 2685 281 2732 cnm
318 2665 389 2748 ipso
429 2682 528 2732 versu
563 2664 741 2746 reciperet,
784 2664 837 2730 his
877 2683 960 2746 quae
997 2664 1131 2732 afferam
1167 2664 1325 2748 exemplis
1361 2684 1436 2732 oon-

206 2773 402 2840 firmabitur.
450 2769 607 2839 conferas
631 2771 716 2837 enim
741 2774 823 2838 Aen.
842 2771 926 2838 VIII
950 2772 1030 2838 521:

476 2875 610 2946 ‘Aeneas
632 2878 842 2946 Aahtaada
865 2886 892 2945 et
907 2880 999 2964 fidus
1021 2875 1169 2948 Amata’

206 2995 242 3056 et
264 2987 305 3056 Il.
322 2986 390 3055 XX
408 2987 486 3055 160:

420 3091 571 3170 ῗΛίνείας
592 3090 621 3160 c'
642 3089 850 3182 Ἀγχισιάδης
872 3093 928 3160 καὶ
951 3094 1024 3169 δῖος
1045 3090 1235 3176 Ἀχιλλεύς’;

206 3221 254 3271 ec.
278 3201 359 3268 VIII
382 3202 442 3268 44:
474 3197 543 3268 ‘aul
567 3202 701 3270 Tmaros
723 3208 780 3268 cut
802 3201 951 3284 Rhodope
977 3208 1034 3269 cat
1060 3203 1188 3268 aaroni
1213 3199 1437 3270 Garumaalcs'

252 3329 303 3397 ge.
331 3311 359 3376 1.
375 3326 442 3381 332:
474 3305 542 3378 ‘aut
563 3306 667 3378 Athon
689 3316 745 3378 aul
767 3309 938 3392 Rhodopen
962 3309 1107 3378 autraha
1132 3305 1291 3377 Οονοοοὶα
1314 3305 1393 3378 telo‘.

204 3417 345 3484 Theocr.
362 3417 429 3483 VII
450 3418 506 3483 77:
538 3411 597 3482 ’Ἢ
620 3413 709 3483 >ibor
732 3411 753 3506 ἢ
774 3413 935 3482 Ῥοδόπαν
958 3412 978 3505 ἢ
1001 3413 1179 3484 Καύκασον
1207 3413 1436 3499 ἐσχατόωπα’.

296 3525 327 3595 Ε
350 3524 542 3592 Partheni
566 3542 678 3592 versu:

420 3627 568 3718 Ὴοὺκῳ
591 3631 647 3700 καὶ
669 3629 781 3720 Νηρῆι
803 3630 860 3698 καὶ
882 3627 975 3718 Ἰνώῳ
1000 3628 1199 3721 Μελικέρτῃ’

206 3739 406 3824 Vergihnm:

421 3823 557 3896 ‘Glauco
580 3835 608 3896 et
630 3827 798 3912 Panopeae
820 3834 847 3896 a
870 3827 949 3896 Inoo
972 3823 1164 3896 Meliccctac'

207 3936 328 4004 fecisse
351 3935 539 4004 Macrobius
563 3935 693 4022 (Seth
719 3937 770 4003 17.
789 3937 836 4028 18)
861 3935 1011 4003 tradidit.

297 4044 409 4127 Neque
425 4043 457 4110 in
477 4043 594 4110 Ovidi
609 4044 914 4126 metamorphoseon
934 4043 1028 4110 libris
1045 4062 1161 4112 versus
1178 4045 1297 4112 desunt
1312 4043 1435 4129 integri

207 4172 250 4220 ex
273 4151 430 4218 Homeri
455 4151 549 4219 librIs
571 4151 681 4218 hausti
704 4152 796 4218 velut
819 4157 894 4217 met.
913 4151 1000 4217 XIII
1017 4149 1156 4227 258159:

299 4349 318 4420 1)
336 4347 406 4402 Nam
425 4347 595 4402 Pohtianum
613 4362 724 4401 manum
741 4346 927 4402 Catullianam
945 4348 1103 4402 restituisse
1121 4361 1282 4416 persuasum
1300 4344 1366 4400 mihi
1384 4351 1435 4405 est.

298 4438 319 4507 ¹)
338 4437 380 4495 Gi.
400 4453 483 4506 supra
501 4452 527 4505 p.
540 4437 584 4494 36.

297 4527 318 4596 Ι)
337 4527 525 4582 Conseruntur
549 4543 619 4594 quae
637 4525 800 4582 Skutschius
824 4526 896 4580 dixit
917 4527 946 4580 in
965 4525 1035 4580 libro
1061 4525 1140 4595 ‚‚Aao
1163 4525 1268 4596 Vergils
1288 4523 1437 4580 manaan

207 4635 232 4687 p.
248 4619 300 4673 106
313 4633 368 4685 sqq.
