3522 5310
841 284 1053 384 A„

448 482 479 546 5.
506 479 760 569 Plutareh2801.
787 483 806 545 4
850 485 921 550 Ἔτι
947 487 1126 572 δὲμᾶλλον
1161 486 1202 561 εἰς
1225 483 1345 573 ἀξίωμα
1367 486 1420 549 καὶ
1441 483 1535 562 δόξαν

360 593 470 669 αάτούς
491 597 681 674 κατέστησεν
704 595 723 674 ή
747 601 801 658 τοῦ
815 595 954 680 τρίποδος
972 595 1111 680 περίοδος
1133 593 1185 656 καὶ
1207 594 1261 656 διὰ
1283 594 1402 657 πάντων
1427 591 1535 656 ἀνακύ-

359 703 464 782 κλησις
478 703 530 765 καί
546 699 715 778 ἀνθύπειξις
730 698 796 789 μετ’
821 702 975 788 εὐμενείας
989 703 1148 791 φιλοτίμου
1163 703 1320 788 γινομένη·
1346 700 1442 786 Κῴων
1465 702 1535 786 γάρ,

360 811 400 884 ὥς
424 831 507 896 φασι,
531 811 731 895 καταγόντων
749 811 881 896 σαγήνην
905 811 957 873 καὶ
979 808 1071 885 ξένων
1095 809 1130 872 ἐκ
1144 809 1282 888 Μιλήτου
1298 811 1468 894 πριαμένων
1482 808 1535 870 τόν

361 915 455 1003 βόλον
486 914 566 980 οὔπω
598 918 728 1004 φανερόν
758 914 841 996 ὄντα,
872 925 1001 1004 χρυσοῦς
1029 918 1121 1005 έφάνη
1149 917 1271 1002 τρίπους
1297 914 1471 1003 ἑλκόμενος,
1503 912 1535 977 ὃν

359 1025 500 1110 λέγουσιν
522 1015 650 1104 Ἑλένην
673 1025 824 1088 πλέουσαν
848 1024 884 1088 ἐκ
898 1023 1009 1110 Τροίας
1024 1022 1135 1088 αὐτόθι
1150 1023 1290 1087 καθεῖναι
1305 1029 1440 1110 χρησμοῦ
1456 1043 1535 1097 τινος

362 1129 605 1218 ἀναμνησθεῖσαν
619 1133 761 1196 παλαιοῦ.
807 1134 971 1218 γενομένης
985 1132 1022 1194 δὲ
1037 1137 1103 1207 τοῖς
1117 1129 1213 1207 ξένοις
1227 1139 1345 1217 πρῶτον
1362 1129 1538 1216 ἀντιλογίας

359 1238 432 1324 πρὸς
454 1240 526 1314 τοὺς
546 1239 651 1313 ἁλιέας
666 1239 802 1324 περὶτοῦ
818 1240 970 1321 τρίποδος,
996 1235 1062 1302 εἶτα
1085 1246 1145 1300 τῶν
1168 1238 1288 1302 πόλεων
1304 1235 1535 1324 ἀναδεξαμένων

359 1346 414 1426 τήν
429 1345 578 1434 διαφορὰν
594 1342 663 1432 ἄχρι
677 1348 812 1433 πολέμου
829 1345 1050 1432 προελθοῦσαν,
1068 1345 1185 1409 ἀνεῖλεν
1201 1345 1384 1433 ἀμφοτέροις
1399 1346 1420 1424 ἡ
1435 1344 1536 1408 Πυθία

359 1459 404 1536 τῷ
428 1454 601 1539 σοφωτάτῳ
625 1455 678 1516 τόν
701 1454 832 1539 τρίποδα
855 1453 1030 1518 ἀποδοῦναι.
1081 1454 1133 1517 καὶ
1156 1461 1275 1540 πρῶτον
1300 1455 1352 1540 μὲν
1377 1451 1534 1531 ἀπεστάλη

359 1561 434 1646 πρὸς
457 1555 565 1635 Θαλῆν
596 1560 636 1636 είς
660 1561 795 1641 Μίλητον
823 1559 967 1626 ἑκουσίων
991 1561 1087 1646 Κῴων
1115 1559 1156 1624 ἑνὶ
1189 1562 1387 1648 δωρουμένων
1422 1559 1533 1646 ἐκείνῳ,

360 1669 426 1754 περὶ
457 1664 492 1731 ού
522 1669 596 1755 πρὸς
625 1669 761 1745 ἅπαντας
791 1669 866 1756 όμοῦ
899 1669 1066 1750 Μιλησίους
1097 1669 1297 1755 ἐπολέμησαν.
1355 1665 1468 1733 Θάλεω
1499 1667 1535 1729 δὲ

363 1775 477 1839 Βίαντα
485 1759 661 1863 Ισοφώτερον
677 1775 896 1860 ἀποφαίνοντος
911 1779 1006 1841 αὑτοῦ
1022 1777 1096 1865 πρός
1111 1777 1223 1840 ἐκεῖνον
1238 1772 1320 1856 ήκεν.
1361 1770 1405 1839 ὑπ’
1421 1775 1534 1838 ἐκείνου

224 1887 227 1891 ’
360 1874 388 1944 δ’
417 1879 506 1958 αὖθις
533 1882 691 1964 ἀπεστάλη
718 1886 793 1972 πρὸς
825 1883 920 1948 ἄλλον
948 1888 989 1960 ὡς
1016 1887 1198 1974 σοφώτερον.
1251 1879 1317 1947 είτα
1343 1887 1460 1970 περιιὼν
1484 1883 1535 1944 καὶ

363 1987 609 2077 ἀναπεμπόμενος
638 1991 735 2066 οὕτως
762 1991 809 2055 ἐπὶ
833 1989 940 2072 Θαλῆν
971 1994 1009 2056 τὸ
1033 1991 1177 2080 δεύτερον
1200 1991 1338 2079 ἀφίκετο,
1367 1991 1419 2054 καὶ
1445 1991 1535 2063 τέλος

361 2095 403 2172 εἰς
418 2093 527 2184 Θήβας
549 2097 585 2161 ἐκ
604 2098 741 2179 Μιλήτου
765 2099 922 2186 κομισθεὶς
944 2108 989 2185 τῷ
999 2099 1138 2186 Ἰσμηνίῳ
1149 2098 1324 2163 Ἀπόλλωνι
1345 2097 1533 2184 καθιερώθη.

362 2201 564 2294 Θεόφραστος
593 2207 631 2269 δέ
658 2229 729 2295 φησι
759 2216 878 2295 πρῶτον
912 2207 965 2284 μὲν
989 2207 1031 2283 είς
1053 2206 1181 2293 Πριήνην
1205 2207 1310 2270 Βίαντι
1332 2207 1385 2269 τὸν
1407 2205 1535 2291 τρίποδα

360 2311 543 2399 πεμφθῆναι,
568 2313 708 2401 δεύτερον
731 2309 762 2378 δ’
787 2315 833 2378 ἐπὶ
854 2315 991 2395 Μίλητον
1012 2312 1104 2402 Θαλῇ
1126 2315 1256 2389 Βίαντος
1291 2311 1533 2400 ἀποπέμψαντος.

361 2419 439 2482 ούτω
471 2421 507 2482 δὲ
537 2421 590 2483 διὰ
621 2422 739 2485 πάντων
769 2422 857 2485 πάλιν
888 2421 928 2498 εἰς
956 2423 1072 2486 Βίαντα
1102 2420 1279 2509 περιελθεῖν,
1311 2422 1401 2494 τέλος
1428 2421 1465 2482 δὲ
1494 2419 1536 2494 είς

360 2526 495 2616 Δελφούς
519 2526 738 2609 ἀποσταλῆναι.

451 2629 481 2697 6.
507 2628 616 2693 Sehol.
640 2629 805 2717 Aristoph.
829 2629 913 2696 Plut„
938 2631 992 2714 9¹)
1039 2635 1165 2723 Τρίποδι
1199 2642 1308 2722 χρῆται
1339 2633 1534 2698 όἈπόλλων
1646 2681 1649 2684 -

362 2743 584 2828 μαντευόμενος
607 2744 660 2806 διὰ
682 2746 755 2819 τούς
778 2715 858 2831 τρεῖς
877 2746 1000 2830 καιροὺς
1014 2751 1074 2806 τῶν
1089 2745 1288 2831 πραγμάτων.
1328 2740 1478 2829 Ὄμηρος,
1504 2738 1536 2815 ός

360 2846 420 2936 ήδη
443 2849 484 2910 τά
506 2842 534 2910 τ’
557 2849 648 2913 ἐόντα
670 2851 711 2912 τά
734 2841 763 2913 τ’
788 2851 938 2936 ἐσσόμενα
959 2851 1015 2937 πρό
1040 2844 1066 2913 τ’
1092 2850 1192 2913 ἐόντα.
1238 2852 1316 2924 τινές
1340 2869 1429 2936 φασιν
1454 2848 1533 2911 οὕτω

360 2954 537 3034 κτήσασθαι
564 2958 616 3018 τόν
644 2947 826 3021 Ἀπόλλωνα
854 2959 907 3021 τόν
934 2959 1074 3045 τρίποδα.
1126 2959 1219 3033 ἁλιεῖς
1246 2957 1276 3020 έν
1304 2955 1431 3041 Μιλήτῳ
1458 2956 1534 3030 τινὲς

363 3060 462 3146 μισθῷ
487 3061 582 3150 βόλον
605 3061 750 3150 ἔρριπτον,
779 3064 827 3128 ίνα
848 3066 886 3128 τὸ
911 3064 1137 3154 ἀναφερόμενον
1166 3063 1208 3145 εἴη
1239 3071 1294 3128 τοῦ
1324 3063 1534 3150 ἀγοράσαντος

360 3169 415 3230 τόν
431 3168 534 3256 βόλον.
582 3170 757 3260 συμβέβηκε
772 3179 845 3258 γοῦν
870 3171 936 3236 ἀντὶ
952 3171 1063 3260 ἰχθύων
1078 3173 1210 3258 τρίποδα
1224 3179 1349 3259 χρυσοῦν
1364 3169 1534 3253 περιλαβεῖν

362 3275 474 3352 αύτούς
494 3285 539 3363 τῷ
555 3278 698 3364 δικτύῳ.4
725 3279 929 3368 ἐφιλονείκουν
953 3277 1004 3343 οὖν
1026 3281 1092 3366 περὶ
1116 3279 1220 3354 αὐτοῦ,
1245 3279 1273 3342 οἱ
1290 3281 1344 3364 μὲν
1367 3279 1469 3353 άλιεῖς,
1494 3281 1534 3352 ὡς

361 3381 446 3468 ἰχθῦς
468 3387 663 3472 πεπράκασιν,
700 3387 734 3450 οὐ
758 3388 897 3475 τρίποδα,
934 3387 961 3451 οἱ
983 3388 1019 3449 δὲ
1042 3389 1252 3474 ἀγοράσαντες
1273 3385 1389 3472 ἔλεγον,
1414 3389 1454 3460 ὡς
1477 3391 1534 3447 πᾶν

360 3491 398 3552 τὸ
411 3488 492 3554 ἀνιόν
504 3493 555 3555 καὶ
565 3499 623 3555 ποῖν
634 3491 681 3556 ότι
696 3493 782 3580 τύχοι
798 3495 968 3574 ὠνήσαντο·
994 3494 1090 3570 ούτως
1106 3492 1156 3558 ούν
1173 3495 1273 3558 αὐτῶν
1289 3491 1534 3582 φιλονεικούντων

361 3594 466 3673 ἔδοξεν
481 3597 633 3684 ἐρωτήσει
649 3602 703 3664 τὸν
718 3591 914 3666 Ἀπόλλωνα·
940 3602 955 3665 θ
979 3602 1015 3665 δὲ
1032 3601 1147 3665 ἀνεῖλεν
1170 3601 1273 3676 αὐτοῖς
1288 3608 1402 3664 ταῦτα·
1428 3597 1534 3685 ἔκγονε

361 3705 429 3768 κτλ.
459 3708 653 3793 προσήγαγον
677 3706 729 3772 σύν
752 3709 844 3772 αὐτὸν
866 3715 931 3785 τοῖς
954 3708 1031 3773 ἑπτὰ
1053 3715 1172 3796 σοφοῖς·
1207 3707 1336 3783 ἕκαστος
1357 3708 1394 3770 δὲ
1417 3705 1534 3770 τούτων

361 3819 523 3900 παρῃτεῖτο
566 3817 661 3904 σορός
689 3813 772 3895 εἶναι,
807 3817 911 3903 διόπερ
942 3816 1106 3902 ἐγνώκασιν
1141 3821 1181 3891 ὡς
1216 3817 1381 3903 σοφωτέρῳ
1415 3815 1534 3877 πάντων

363 3917 516 3983 ἀναθεῖναι
542 3921 633 3984 αὐτὸν
662 3931 706 4009 τῷ
731 3922 917 3989 Ἀπόλλωνι·
950 3922 1021 3986 ὅθεν
1052 3925 1140 4012 φασὶν
1170 3923 1328 4010 ἐσχηκέναι
1359 3921 1451 3984 αὐτόν
1481 3921 1534 3984 τόν

361 4028 498 4111 τρίποδα.
554 4025 633 4093 cod.
660 4025 830 4090 Parisinus
861 4024 948 4090 2827
979 4025 1071 4089 addit
1101 4047 1189 4111 quae.
1218 4026 1252 4088 in
1279 4023 1469 4087 Ravennate
1503 4031 1535 4085 et

296 4123 297 4128 ’
362 4129 488 4194 Veneto
520 4131 639 4196 desunt
671 4154 778 4218 neque
809 4130 907 4197 ullius
938 4131 1007 4196 fere
1040 4133 1135 4218 pretii
1166 4135 1283 4215 sunt²):
1321 4135 1413 4200 Ούτω
1446 4137 1534 4224 φασὶν

431 4259 567 4266 ----.-

472 4311 490 4375 ¹)
510 4307 550 4362 Of.
571 4309 682 4370 Zacher,
701 4307 894 4362 Handsehrisi.
904 4327 929 4361 υ.
941 4307 1028 4361 Κίοιο.
1042 4309 1092 4360 der
1105 4307 1399 4376 Arisioplianesschoi..
1419 4305 1533 4360 Jahrbb.

362 4399 379 4452 f.
402 4398 497 4452 Philol.
513 4399 645 4466 Supplbd.
660 4397 722 4451 xv]
737 4397 828 4463 [1888]
839 4417 865 4466 p.
877 4398 937 4450 627.
954 4397 1048 4450 Philol.
1064 4397 1198 4467 Suppibd.
1218 4395 1414 4464 V11(1899)p.
1429 4395 1481 4449 ύο3
1494 4413 1534 4462 sq.

468 4491 489 4556 ί)
509 4489 549 4542 Of.
574 4489 658 4542 etiam
687 4489 870 4556 appendicem
899 4486 1029 4540 editionis
1052 4487 1317 4541 Ηυιυοίετίιιιείυιιυε
1341 4481 1533 4555 Aristophanis

363 4575 435 4632 ιυωι
455 4598 480 4647 p.
501 4579 560 4632 σου.
