3442 5324
947 414 990 481 66

356 626 526 708 auserunt,
565 633 602 692 ut
636 626 834 712 Talthybius
870 627 962 695 illam
1000 628 1035 694 in
1071 648 1191 696 scaena
1225 629 1299 712 ipsa
1335 629 1484 697 inveniat
1521 629 1576 716 (ol.

358 753 389 800 v.
407 733 473 799 484
485 731 557 819 sq.).

445 839 494 907 Ob
520 841 655 907 eandem
683 860 815 907 causam
843 842 879 907 in
903 842 1175 910 Andromacha
1198 843 1378 911 Hermiona
1405 844 1440 909 in
1464 864 1577 910 scaeua

356 953 517 1029 remanet,
558 966 752 1029 quamquam
791 949 903 1014 nutrix
942 967 1013 1015 eam
1052 949 1104 1016 his
1141 949 1252 1017 verbis
1291 950 1417 1017 intrare
1455 952 1576 1017 domum
1698 929 1699 946 ἦ

357 1053 449 1120 iubet
472 1053 516 1140 (v.
534 1053 718 1140 876-77):

571 1166 641 1234 ἀλλ’
664 1167 767 1237 εἴσιθ’
790 1172 868 1238 εἴσω
892 1170 977 1260 μηδὲ
1000 1169 1171 1260 φαντάζου
1194 1169 1306 1257 δόμων

571 1273 720 1366 πάροιθε
742 1278 856 1356 τῶνδε,
879 1277 930 1367 μὴ
953 1276 1024 1347 τιν’
1047 1277 1238 1368 αἰσχύνην
1261 1277 1396 1368 λάβῃς,

357 1411 432 1459 nam
456 1393 550 1460 brevi
573 1399 648 1476 post
671 1393 805 1461 Orestes
829 1394 900 1462 eius
922 1396 1079 1463 visendae
1103 1415 1204 1463 eausa
1227 1397 1370 1465 advenit.

446 1500 539 1567 Neve
567 1500 659 1567 locus
691 1506 919 1584 commutetur,
954 1503 988 1569 in
1016 1503 1246 1570 Heraclidis
1275 1503 1399 1586 IolauS,
1434 1504 1577 1584 quamvis

357 1609 548 1692 Demophon
576 1609 683 1692 ipsum
706 1611 856 1676 hortetur
879 1610 935 1697 (of.
960 1632 990 1679 v.
1009 1613 1075 1678 343
1086 1611 1164 1699 sep),
1195 1632 1231 1679 se
1253 1631 1318 1679 non
1341 1613 1434 1695 prius
1458 1615 1499 1678 ab
1522 1631 1577 1678 ara

358 1717 523 1783 abiturum
559 1736 631 1783 esse
664 1716 759 1800 dicit,
800 1736 895 1798 quam
931 1738 984 1785 res
1019 1721 1101 1785 hene
1136 1719 1313 1802 cesseriut3
1357 1720 1409 1786 vel
1444 1727 1480 1785 ut
1511 1720 1576 1802 ipse

339 1893 341 1898 ,
359 1823 441 1889 dicit
464 1823 508 1910 (v.
525 1823 710 1911 344-47):

571 1937 628 2006 οὐκ
652 1936 693 2006 ἂν
715 1939 849 2025 λίποιμι
871 1939 993 2026 βωμόν,
1018 1939 1208 2027 ιῦξὸμεοθα
1231 1941 1268 2010 δὲ

571 2046 676 2116 ἱκέται
698 2046 852 2133 μένοντες
875 2047 990 2116 ἐνθάδ’
1013 2041 1050 2116 εὖ
1073 2054 1200 2139 πρᾶξαι
1223 2048 1338 2117 πόλιν·

572 2153 651 2222 ὅταν
674 2153 704 2222 δ’
729 2153 854 2241 α’γιῦνος
876 2153 966 2223 τοῦδ’
988 2154 1191 2246 ἀπαλλαχθῇ
1213 2160 1330 2236 καλῶς,

573 2263 647 2347 ἰ’μεν
670 2261 754 2354 πρὸς
777 2265 897 2340 οἴκους.

448 2381 485 2447 Si
508 2380 594 2447 enim
617 2381 874 2466 Demophontem
899 2388 1029 2450 secutus
1053 2390 1153 2465 esset,
1178 2382 1252 2448 lieri
1274 2401 1340 2448 non
1363 2381 1524 2464 potuisset
1545 2387 1578 2446 ut

359 2489 416 2554 ille
447 2489 613 2555 nonnullis
643 2490 794 2556 versibus
823 2497 899 2572 post
931 2491 977 2573 (v.
996 2491 1061 2556 389
1075 2489 1141 2575 sq.)
1173 2487 1352 2555 exercitum
1383 2489 1577 2572 Argivorum

359 2596 624 2679 appropinquare
646 2598 733 2664 huuc
755 2597 920 2664 inlocum
943 2597 1157 2664 renuntiaret.

448 2830 560 2910 Neque
583 2830 688 2897 solum
710 2849 870 2912 personae
894 2830 924 2896 si
940 2849 1021 2911 quas
1045 2829 1192 2896 homines
1216 2828 1348 2895 aliunde
1371 2827 1579 2894 advenientes

358 2939 484 3020 visunt,
520 2938 614 3004 domo
646 2937 836 3016 eliciuntur,
873 2938 930 3004 sed
961 2936 1061 3003 etiam
1094 2936 1128 3003 si
1158 2936 1251 3017 quid
1280 2935 1391 3018 ipsae
1422 2941 1579 3001 acturae

360 3052 463 3127 sunt,
495 3047 602 3111 domo
625 3044 771 3111 relicta
799 3045 839 3110 in
867 3064 1046 3111 scaenam
1074 3044 1303 3126 procedunt,
1335 3042 1392 3109 ubi
1420 3047 1580 3125 spectato-

359 3153 450 3218 ribus
484 3171 542 3218 eae
574 3171 627 3218 res
659 3159 736 3218 aute
768 3151 879 3218 oculos
909 3158 1086 3234 ponantur,
1124 3171 1207 3232 quae
1239 3151 1269 3217 si
1301 3149 1441 3216 interior
1470 3150 1580 3216 domus

358 3259 603 3341 repraesentari
626 3259 797 3342 potuisset,
823 3257 857 3324 in
880 3260 976 3325 dome
1000 3259 1073 3341 ipsa
1096 3263 1251 3340 peractae
1275 3261 1393 3324 essent.

448 3375 488 3440 Iu
515 3374 733 3460 Hippolyto
769 3375 854 3440 enim
882 3375 995 3440 nutrix
1022 3381 1060 3440 ut
1086 3375 1270 3440 Phaedram
1297 3376 1391 3439 domo
1420 3379 1581 3440 emoverat

360 3483 422 3548 hac
445 3501 545 3549 causa
568 3500 603 3548 se
627 3488 821 3548 commotam
845 3500 917 3548 esse
940 3481 1022 3547 dicit
1045 3481 1088 3568 (v.
1110 3480 1201 3568 181):

573 3607 690 3694 δεῦρο
712 3603 782 3696 γὰρ
806 3603 942 3673 ἐλθεῖν
964 3609 1041 3672 πᾶν
1065 3603 1158 3682 ἔπος
1182 3598 1225 3695 ἦν
1248 3629 1321 3674 σοι.

448 3734 579 3800 Revera
606 3738 714 3798 autem
743 3751 816 3799 cum
843 3732 903 3798 illa
930 3733 1068 3816 prodiit,
1104 3739 1140 3798 ut
1168 3732 1320 3798 Phaedra
1347 3732 1465 3813 quihus
1494 3732 1581 3797 dolo·
1636 3769 1639 3774 -

359 3842 452 3908 ribus
475 3841 577 3906 enimi
601 3839 749 3905 cruciata
773 3847 859 3906 esset
874 3840 1117 3922 spectatoribus
1140 3840 1326 3905 ostenderet
1348 3845 1447 3920 atque
1462 3837 1581 3904 nutrici

360 3949 515 4015 hocloco
540 3947 694 4029 aperiret,
719 3965 782 4027 quo
805 3966 884 4013 vero
909 3946 1020 4013 dolore
1044 3947 1165 4012 affecta
1189 3950 1284 4012 esset.

448 4064 562 4144 Neque
596 4064 698 4129 aliam
733 4062 901 4146 ingressus
936 4063 1023 4130 viam
1059 4063 1237 4145 Euripides
1272 4081 1310 4128 eo
1344 4063 1509 4145 pervenit,
1548 4067 1582 4126 ut

360 4171 520 4237 Helenam
543 4171 578 4236 in
595 4171 732 4238 Oreste
758 4171 873 4236 sabula
887 4172 1098 4253 produceret;
1126 4169 1336 4250 nequeenim
1359 4169 1432 4235 lieri
1454 4175 1583 4251 poterat

360 4277 438 4359 quin
462 4279 521 4343 illa
544 4277 660 4344 saltem
689 4278 789 4344 semel
817 4278 852 4344 in
876 4298 996 4345 scaeua
1023 4283 1208 4361 appareret.
1256 4277 1302 4342 At
1324 4295 1397 4342 cum
1420 4282 1519 4358 poeta
1542 4311 1581 4321 -

360 4385 395 4450 id
423 4386 508 4466 quod
537 4386 580 4452 ad
607 4404 675 4451 rem
704 4385 911 4468 aptissimum
941 4386 1005 4451 luit
1029 4424 1071 4432 -
1095 4384 1286 4452 interiorem
1314 4390 1441 4467 partem
1471 4382 1581 4466 regiae

361 4498 609 4574 repraesentare
628 4512 693 4558 uon
709 4500 829 4574 posset,
855 4493 968 4574 aliqua
984 4511 1084 4559 causa
1108 4499 1180 4558 erat
1195 4492 1359 4574 fingenda,
1384 4510 1443 4556 cur
1457 4490 1582 4556 Helena

361 4601 454 4665 domo
478 4601 641 4682 prodiret:
673 4603 715 4666 ab
731 4600 866 4666 Electra
890 4601 975 4666 enim
999 4601 1092 4683 petit,
1118 4607 1153 4665 ut
1175 4619 1235 4682 pro
1252 4619 1288 4665 se
1310 4599 1386 4681 ipsa
1401 4599 1580 4680 sepulcrum
