3442 5324
965 405 1008 473 32

881 499 1091 508 ——n--.

588 614 607 708 ἢ
631 622 708 696 νοῦς
730 616 856 687 ε”νεστιν
880 617 971 698 οὔτις
994 619 1073 706 ὑμῖν
1097 619 1232 710 ἐγγενής,

588 725 634 793 ὅτ’
658 724 697 793 οὐ
719 724 799 817 παρ’
822 724 946 808 αὐιοῖς,
971 726 1041 795 ἀλλ’
1065 729 1098 796 ἐν
1122 725 1273 796 αὐτοῖσιν
1295 735 1407 807 κακοῖς

585 840 692 902 σοῖσιν
715 835 883 919 μεγίστοις
906 833 996 913 taces
1019 833 1059 903 οὐ
1080 833 1291 922 γιγνώσκετε,

586 938 665 1008 o'll’
689 940 724 1008 εἰ
747 949 967 1027 σταθμοῖσι
990 945 1127 1012 τοῖσδε
1149 942 1199 1034 μὴ
1222 941 1375 1034 ’κύρουν
1398 944 1468 1030 ἐγώ

585 1047 708 1118 πάλαι
733 1048 961 1139 φυλάσσων,
987 1043 1030 1141 ἢν
1053 1047 1098 1117 ἂν
1121 1050 1214 1136 ὑμῖν
1238 1051 1277 1118 e'v
1300 1050 1438 1137 δόμοις

583 1155 629 1224 τὰ
653 1155 814 1246 δρώμεν’
837 1157 945 1242 ὑμῶν
969 1157 1148 1249 πρόσθεν
1172 1156 1191 1248 ἢ
1213 1157 1260 1226 σὰ
1285 1159 1454 1244 σώματα.

459 1286 573 1367 Neque
602 1285 687 1351 enim
712 1285 905 1368 Sophoclem
937 1283 1025 1368 fugit
1055 1287 1140 1353 hune
1170 1287 1276 1353 locum
1305 1287 1447 1354 alienum
1478 1305 1589 1353 essee

371 1394 520 1462 consiliis
548 1393 617 1459 illis
641 1395 680 1458 de
704 1392 943 1477 Clytaemestra
971 1394 1150 1478 capiendis.
1198 1396 1302 1479 Quam
1327 1397 1367 1461 ob
1396 1413 1463 1460 rem
1492 1395 1590 1460 illaa

370 1504 562 1586 paedagogo
586 1501 675 1566 intus
698 1499 873 1582 retinetur,
906 1519 946 1566 ne
973 1501 1052 1581 quid
1075 1503 1115 1567 de
1138 1521 1174 1568 se
1199 1501 1282 1569 foris
1306 1500 1498 1569 conferatur
1519 1521 1590 1568 con-

370 1610 529 1692 siliorum,
554 1608 806 1674 animadvertat.

459 1718 563 1801 Quam
604 1716 647 1782 ad
680 1733 749 1780 rem
788 1717 990 1797 probandam
1033 1717 1132 1783 etiam
1173 1717 1305 1784 initium
1347 1717 1590 1784 Philoctetae

348 1826 576 1909 ‚aptissimum
605 1843 676 1890 esse
699 1822 780 1888 mihi
805 1822 943 1890 videtur.
990 1824 1070 1891 Cum
1099 1825 1184 1891 enim
1213 1843 1370 1907 personas
1399 1825 1441 1890 ad
1464 1841 1588 1907 specum

369 1916 575 2002 Philoctetae
598 1949 697 2014 agere
721 1936 900 2012 oporteret,
932 1930 1048 1998 Ulixes
1074 1932 1185 1999 facere
1207 1952 1272 2000 non
1295 1932 1404 2015 potuit
1432 1931 1588 2013 quiahoc

370 2041 441 2106 loco
473 2039 623 2119 quamuis
653 2037 836 2121 periculoso
865 2037 1115 2120 Neoptolemum
1145 2041 1310 2123 edoceret,
1342 2058 1425 2122 quae
1455 2037 1588 2106 consilia

370 2149 409 2214 de
434 2147 491 2213 illo
515 2147 665 2229 cepisset.
713 2145 815 2229 Quem
839 2144 945 2211 locum
969 2147 1011 2211 ad
1036 2165 1091 2213 eas
1116 2167 1168 2214 res
1193 2147 1401 2214 disserendas
1425 2146 1586 2226 haudqua-

369 2274 466 2336 quam
499 2254 649 2320 idoneum
678 2271 749 2318 esse
773 2251 866 2319 Ulixi
896 2252 961 2336 ipsi
989 2273 1181 2336 persuasum
1211 2260 1273 2338 est,
1302 2255 1337 2321 id
1364 2256 1449 2335 quod
1480 2273 1518 2319 ex
1541 2251 1587 2317 his

369 2362 481 2430 verbis
504 2361 618 2444 colligi
643 2361 739 2426 debet
762 2358 983 2447 (v.11-14):

902 2472 987 2543 α’λλὰ
1010 2482 1114 2544 ταῦσα
1137 2477 1198 2562 μὲν
1220 2478 1254 2544 σι’
1278 2481 1330 2545 δεῖ

582 2583 704 2670 λέγεινς
734 2582 820 2673 α’κμῆ
843 2581 904 2674 γὰρ
928 2583 968 2652 οὐ
990 2589 1125 2675 μακρῶν
1149 2584 1227 2675 ἡμῖν
1249 2583 1362 2672 λόγων,

581 2690 631 2781 μὴ
654 2692 718 2758 καῖ
741 2694 849 2781 μάθῃ
873 2691 908 2777 μ’
931 2690 1072 2782 ἥκοντα
1095 2691 1242 2775 κοῖκχὲιιι
1266 2691 1308 2760 τὸ
1332 2696 1408 2759 πᾶν

585 2797 778 2890 σόφισμα,
801 2803 853 2885 aqi
876 2825 936 2867 νιν
962 2798 1087 2883 αὐτίχ’
1110 2799 1292 2892 αἱρήσειν
1316 2803 1424 2869 δοκοῖ.

458 2930 576 3008 Itaque
606 2927 854 3010 Neoptolemum
884 2927 986 2994 totius
1016 2927 1083 2998 doli
1115 2929 1280 2996 conscium
1312 2929 1422 3006 lacere
1453 2927 1585 3005 dubitat,

369 3037 559 3119 priusquam
582 3035 636 3100 hic
660 3034 902 3116 disquisierit,
933 3043 1040 3101 utrum
1064 3036 1264 3103 Philoctetes
1293 3035 1327 3101 in
1349 3054 1450 3118 specu
1472 3035 1587 3100 inesset

369 3164 469 3210 necne
494 3143 537 3229 (v.
556 3142 715 3228 aemam:

583 3256 605 3324 ἅ
627 3281 685 3342 μοι
709 3255 907 3346 προσελθών
933 3264 1007 3344 σῖγα
1032 3257 1164 3348 σήμαιν’
1187 3257 1255 3326 εἴτ’
1278 3259 1359 3327 ἐκεῖ

581 3369 706 3454 χοῖρον
729 3363 827 3454 πρὸς
850 3363 969 3434 αὐτὸν
991 3365 1094 3434 σόνδ)
1118 3365 1167 3433 ἔτ’
1191 3364 1258 3434 σῖτ’
1281 3363 1376 3454 ἄλλῃ
1400 3371 1523 3455 κυρεῖ,

581 3473 631 3550 οῖς
653 3470 875 3540 ια’πίλοιιια
898 3477 972 3541 τῶν
995 3472 1116 3560 λόγων
1141 3471 1186 3542 σὺ
1208 3474 1278 3559 μὲν
1301 3472 1432 3562 κλύῃς,

581 3579 642 3666 ἐγώ
665 3580 703 3647 δὲ
725 3578 853 3670 φράζοι,
876 3581 970 3648 κοινὰ
988 3581 1023 3649 ’δ’
1046 3581 1082 3666 ἐξ
1104 3580 1232 3672 α’μφοῖν
1256 3583 1303 3670 tp.

456 3708 573 3776 Ulixes
603 3707 708 3790 igitur
739 3727 774 3774 se
806 3708 967 3788 reliquum
999 3708 1172 3776 consilium
1202 3707 1415 3792 Neoptolemo
1448 3707 1585 3791 explica-

368 3822 477 3882 turum
494 3834 565 3882 esse
580 3815 765 3898 pollicetur,
787 3835 859 3881 cum
875 3816 1057 3898 periculum
1072 3835 1138 3883 noa
1157 3816 1326 3883 imminere
1341 3812 1584 3881 renuntiaverit.

367 3924 480 4004 Neque
509 3923 680 4004 quisquam
710 3924 846 4006 negabit
875 3923 959 3989 illud
988 3923 1112 3991 iussum
1142 3943 1163 3989 a
1189 3923 1348 4005 Sophocle
1379 3922 1452 3988 ideo
1480 3921 1586 3986 fictum

368 4049 452 4111 esse,
484 4036 521 4096 ut
548 4029 780 4112 Neoptolemus
804 4030 1022 4097 Philoctetam
1047 4050 1145 4114 specu
1173 4031 1353 4097 decessisse
1376 4029 1584 4096 renuntiaret.

367 4137 510 4203 Etiamsi
535 4138 620 4203 enim
644 4137 702 4203 ille
722 4157 853 4221 specum
877 4138 1045 4220 tenuisset,
1070 4138 1187 4206 Ulixes
1212 4138 1323 4204 facere
1346 4156 1411 4203 non
1431 4135 1586 4219 potuisset

369 4245 448 4325 quin
473 4245 619 4311 hocloco
643 4245 828 4327 periculoso
845 4265 917 4311 cum
933 4244 1146 4328 Neoptolemo
1171 4245 1311 4312 consilia
1326 4243 1583 4311 communicaret.

367 4353 413 4416 At
438 4370 509 4419 cum
533 4352 561 4418 is
586 4352 716 4433 quidem
739 4353 943 4420 nuntiaverit
967 4353 1010 4439 (v.
1028 4351 1098 4439 31);

580 4475 650 4565 ὁρῶ
672 4475 766 4566 κενὴν
789 4480 917 4567 οἴκησιν
940 4475 1130 4568 ἀνθρώπων
1154 4477 1242 4559 δίχα,

367 4603 449 4669 nihil
474 4607 593 4686 obstat,
619 4605 789 4684 quominus
813 4605 1009 4685 colloquium
1038 4611 1137 4670 antea
1161 4611 1309 4686 coeptum
1333 4602 1476 4668 finiatur.
