3522 5310
324 1882 449 1946 Novam
483 1881 523 1946 de
556 1891 683 1968 septem
715 1881 917 1969 sapientibus
946 1868 1196 1968 disputationem
1229 1879 1315 1946 haud
1340 1881 1408 1945 scio

232 2013 272 2054 an
301 1992 463 2076 quispiam
487 1987 635 2053 inutilem
664 2000 761 2076 atque
791 2011 1070 2076 supervacaneam
1094 1987 1278 2054 arbitretur.
1324 1988 1406 2053 Nam

232 2097 268 2161 F.
286 2095 467 2176 Bohren,
482 2095 662 2178 Deceptam
685 2098 889 2179 sapientibus,
914 2097 990 2163 diss.
1008 2096 1113 2163 Bono.
1136 2105 1218 2164 1867
1242 2117 1405 2180 quaecun-

231 2225 293 2290 que
332 2203 385 2267 vel
423 2202 463 2268 ab
503 2205 645 2290 antiquis
694 2203 909 2291 scriptoribus
955 2203 996 2267 de
1036 2212 1163 2290 septem
1203 2201 1407 2289 sapientibus

232 2312 406 2375 memoriae
436 2310 553 2375 tradita
583 2309 636 2376 vel
666 2333 685 2375 a
712 2310 950 2375 recentioribus
979 2310 1105 2396 prolata
1130 2321 1214 2391 sunt,
1247 2308 1409 2396 disposuit
1468 2390 1470 2393 Ι

232 2429 265 2481 et
287 2417 434 2503 plurimis
465 2416 715 2503 quaestionibus
740 2417 804 2482 huc
833 2417 1071 2505 pertinentibus
1100 2419 1187 2481 viam
1218 2415 1407 2481 felicissime

232 2525 377 2589 munivit.
416 2525 531 2612 Neque
549 2527 602 2611 qui
619 2527 820 2590 novissimus
837 2523 975 2590 fabellas
998 2524 1038 2589 de
1061 2533 1186 2611 septem
1203 2523 1407 2611 sapientibus

230 2632 366 2696 traditas
391 2653 456 2696 non
479 2641 544 2696 tarn
573 2633 607 2696 in
636 2644 816 2719 conspectu
839 2633 949 2719 posuit
973 2655 1070 2718 quam
1099 2631 1269 2695 historiam
1294 2653 1407 2696 aarum
1433 2645 1435 2648 ’

232 2738 387 2824 indagare
405 2741 560 2824 suscepit,
586 2739 709 2803 Harro
726 2737 839 2822 Wulf,
858 2738 910 2804 De
925 2741 1052 2824 fabellis
1067 2760 1138 2804 enan
1154 2739 1275 2820 eolleyii
1289 2744 1406 2818 septena

232 2848 425 2927 sapientiam
450 2849 601 2911 memorio
625 2849 799 2912 coainnctt's
822 2848 1019 2928 quaestiones
1042 2847 1178 2925 criticae,
1209 2845 1306 2910 Halia
1332 2845 1407 2911 San.

233 2961 312 3020 1896
343 2953 432 3034 (diss.
463 2954 575 3034 philol.
605 2954 683 3019 Hal.
719 2953 821 3021 XIII
843 2976 923 3037 pora
950 2953 1018 3018 III
1047 2976 1081 3038 p.
1108 2955 1287 3032 163—216)
1323 2974 1406 3038 quae

236 3058 299 3148 sibi
322 3063 503 3147 proposuit,
534 3059 618 3125 male
647 3059 832 3142 absolvisse
849 3059 956 3126 dietus
973 3072 1023 3125 est
1047 3083 1066 3125 a
1086 3059 1254 3146 Leopoldo
1280 3058 1374 3124 Oohn
1387 3060 1406 3142 ¹)

234 3175 265 3229 et
288 3165 328 3231 ab
346 3165 583 3252 Haeberlin02).
632 3165 697 3232 Sed
721 3167 808 3232 hune
833 3189 912 3250 qnae
935 3175 963 3234 et
987 3169 1074 3250 ann
1090 3188 1166 3250 qnos
1188 3169 1310 3251 fuerint
1332 3189 1407 3232 nar-

234 3276 330 3341 randi
351 3275 538 3358 primordio,
570 3278 780 3357 quaeratione
807 3278 859 3342 asi
881 3283 1024 3342 auctores
1054 3281 1215 3358 sequentes
1242 3276 1408 3342 materiam

236 3383 426 3462 fabellarum
454 3383 607 3448 traditona
631 3384 822 3449 excoluerint
844 3391 872 3448 et
895 3387 987 3465 qnasi
1010 3386 1043 3448 in
1067 3382 1185 3448 menbra
1212 3381 1407 3459 deduxerint,

235 3489 386 3571 quomodo
414 3496 504 3556 nasto
535 3496 563 3554 et
591 3494 670 3556 sotis·
697 3491 881 3574 nrnltiforia
905 3491 1089 3572 robertulum
1126 3490 1220 3555 moles
1247 3491 1281 3554 tn
1309 3510 1409 3554 nnana

235 3617 346 3678 eorpus
373 3599 523 3662 coaluerit
552 3597 655 3661 firmis
696 3597 917 3662 fundamentis
952 3599 1062 3662 nisum
1098 3599 1249 3682 iustaque
1285 3597 1409 3662 ratione

234 3724 330 3767 usum
359 3706 553 3789 exposuisse
583 3727 667 3788 nego
700 3727 773 3768 curn
801 3704 978 3769 Gustavo
1007 3704 1184 3788 Tuerkn.
1232 3703 1408 3769 Praeterea

236 3812 417 3876 sententiae
437 3834 456 3876 a
471 3813 551 3876 viris
569 3812 674 3876 doctis
691 3812 744 3877 hie
760 3811 826 3876 illio
843 3814 875 3876 in
892 3811 1036 3877 medium
1059 3811 1214 3898 prolatae,
1232 3813 1407 3898 praecipue

236 3917 276 3983 de
307 3921 430 4004 origine
469 3919 660 3985 fabellarum
710 3942 794 4006 quae
834 3929 910 3984 sunt
948 3918 988 3984 de
1026 3928 1153 4006 septem
1193 3917 1407 4006 sapientibus,

235 4025 381 4091 nondum
416 4029 495 4091 satis
534 4029 738 4092 examinatae
777 4036 863 4092 sunt.
914 4027 1005 4090 Inter
1039 4025 1112 4090 illos
1152 4036 1202 4090 est
1240 4025 1408 4091 Carolus

234 4133 319 4215 Joel,
345 4137 401 4220 qui
429 4133 620 4199 hisdiebus
656 4136 689 4198 in
718 4133 864 4200 secundo
894 4133 1059 4199 volumine
1096 4135 1204 4218 operis
1234 4132 1304 4199 Der
1326 4133 1408 4197 echte

234 4241 302 4306 and
324 4241 379 4306 der
403 4241 675 4326 Xerwptontisclre
698 4241 854 4325 Solinates,
879 4241 997 4308 Berlin
1019 4251 1096 4308 1901
1114 4263 1149 4324 p.
1170 4249 1229 4308 759
1243 4261 1307 4322 sqq.
1333 4238 1409 4303 huic

237 4387 439 4394 nn-——n-m--u

346 4456 364 4524 ¹)
386 4453 585 4509 Wochenachr.
605 4453 625 4508 f.
644 4454 728 4508 klass.
749 4454 818 4508 Phil.
839 4453 906 4508 1897
926 4473 953 4506 n.
973 4453 1007 4506 52
1026 4473 1054 4522 p.
1075 4452 1143 4506 1417
1164 4471 1195 4520 sq

343 4545 365 4613 ²)
384 4543 518 4598 Bursians
536 4543 666 4599 Jahresb.
688 4543 765 4610 1900,
784 4542 827 4596 III
846 4562 873 4612 p.
893 4542 953 4596 268.
982 4609 986 4617 .
1193 4579 1197 4586 ·

344 4633 364 4699 ⁸)
383 4633 457 4688 Berl.
478 4633 576 4688 Philol.
598 4632 796 4687 Woehenschr,
819 4631 887 4685 1898
907 4651 933 4685 n.
953 4633 1016 4700 tp.
1037 4632 1087 4684 104
1108 4649 1147 4700 sq.

291 4740 459 4796 arsamum,
475 4741 509 4786 oe
525 4741 566 4784 vn
582 4751 633 4795 asp.
1216 4721 1227 4772 1
