3442 5324
871 417 990 485 ‘28

351 634 454 716 illum,
480 653 542 714 quo
559 633 665 716 magis
688 633 863 717 perspicua
886 633 946 699 fiat
966 633 1156 716 magnitudo
1180 633 1340 700 malorum
1364 634 1443 717 eius,
1469 634 1573 700 subito

351 741 477 824 impetu
500 741 607 807 morbi
631 740 754 824 corripi
778 741 870 808 facit.

440 849 513 932 Qua
542 868 576 914 re
604 848 781 931 Sophocles
809 849 1062 931 supersedisset,
1094 848 1124 916 si
1152 853 1282 916 secutus
1306 849 1464 933 Aeschyli
1492 868 1574 915 com-

351 955 549 1038 positionem
576 955 764 1039 trilogicam
792 957 903 1038 priore
932 955 1087 1039 trilogiae
1118 955 1232 1022 tabula
1255 956 1480 1022 condicionem
1509 963 1575 1022 tur-

350 1083 424 1146 pem
458 1063 663 1129 Philoctetae
701 1062 961 1145 explanavisset,
1002 1064 1108 1129 altere
1146 1082 1240 1144 quem
1275 1065 1318 1130 ad
1352 1065 1481 1130 modum
1520 1064 1575 1130 ille

351 1171 475 1237 Lemno
499 1171 631 1237 Troiam
656 1172 882 1253 abduceretur,
907 1171 1023 1254 peragi
1048 1169 1192 1238 fecisset.

440 1278 564 1344 Eodem
587 1278 770 1344 rettulerim
787 1279 873 1358 quod
888 1296 1083 1359 quamquam
1100 1277 1301 1362 Antigone
1323 1279 1420 1345 initio
1442 1278 1575 1345 fabulae

351 1386 475 1452 iussum
499 1385 681 1468 improbum
706 1385 856 1453 Creontis
884 1385 1033 1452 Ismenae
1057 1385 1164 1452 sorori
1187 1385 1253 1452 iam
1276 1385 1442 1469 narravit,
1472 1385 1575 1454 Creon

350 1493 422 1574 ipse
452 1493 489 1559 in
517 1511 669 1559 senonem
700 1512 894 1576 progressus
927 1493 1056 1561 civibus
1085 1494 1188 1560 denuo
1220 1493 1391 1575 praedicat
1420 1513 1461 1560 ue
1491 1494 1574 1574 quod

349 1600 493 1668 vetuerit
515 1600 701 1683 neglegant.

440 1706 552 1788 Neque
576 1707 708 1774 silentio
733 1709 972 1790 praetereunda
996 1715 1046 1774 est
1061 1708 1143 1775 haec
1165 1707 1263 1790 ratio,
1289 1726 1385 1788 quem
1409 1713 1508 1790 poeta
1530 1708 1574 1774 ad

325 1835 413 1892 ‚res
444 1834 553 1896 quam
581 1815 745 1882 maxime
777 1813 930 1881 finibus
959 1815 1073 1882 unius
1102 1815 1182 1881 diei
1206 1817 1400 1898 aptandas
1431 1815 1572 1881 adhibet.

439 1925 509 2008 Quo
533 1922 672 1989 celerius
696 1922 783 1989 actio
807 1923 1074 2005 progrederetur,
1106 1923 1282 2004 Oedipus
1305 1942 1374 1989 rex
1404 1922 1470 1989 iam
1500 1929 1573 1988 ante

350 2032 482 2097 initium
510 2030 644 2097 fabulae
672 2030 842 2096 Creontem
871 2029 1018 2112 Delphos
1046 2030 1153 2112 misit;
1185 2050 1225 2096 ea
1252 2029 1338 2096 enim
1367 2049 1402 2095 re
1430 2029 1574 2095 efficitur

350 2145 386 2204 ut
419 2156 481 2218 quo
515 2137 671 2220 temporis
703 2143 864 2204 momento
898 2137 988 2204 cives
1021 2139 1063 2203 ab
1096 2137 1221 2219 Oedipo
1257 2137 1418 2203 auxilium
1449 2141 1571 2219 petunt,

350 2246 461 2312 eodem
492 2246 549 2311 ille
579 2249 775 2311 revertatur.
822 2244 905 2310 Nam
936 2244 965 2311 si
995 2246 1056 2310 hoc
1086 2245 1158 2327 ipso
1190 2245 1242 2311 die
1272 2245 1472 2328 mitteretur,
1504 2244 1572 2310 lieri

350 2373 414 2420 non
430 2358 561 2436 poterat
584 2357 620 2418 ut
636 2353 747 2418 codam
770 2352 895 2418 rediret
917 2351 973 2438 (cf.
986 2373 1016 2420 v.
1030 2353 1183 2437 73-74).
1224 2352 1351 2418 Deinde
1368 2371 1440 2418 cum
1458 2352 1571 2418 chorus

351 2461 475 2543 Oedipo
504 2461 655 2541 suadeat,
687 2465 723 2526 ut
751 2479 791 2526 ex
815 2459 946 2526 'Piresia
973 2459 1203 2527 interfectores
1226 2459 1304 2526 Laii
1332 2465 1484 2542 quaerat,
1516 2477 1570 2524 rex

350 2568 525 2652 respondet
548 2566 591 2654 (v.
610 2566 793 2653 288-89):

563 2671 702 2763 ἔπεμψα
724 2670 787 2764 γὰρ
810 2671 976 2762 Κρέοντος
998 2671 1151 2751 εἰπόντος
1173 2675 1312 2751 διπλοῦς

562 2779 728 2867 πομπούς,
752 2778 857 2849 πάλαι
881 2780 918 2849 δὲ
941 2778 986 2871 μὴ
1010 2780 1127 2870 παρὼν
1149 2779 1371 2866 θαυμάζεται.

438 2879 489 2957 Ne
512 2890 590 2972 quid
613 2891 718 2973 igitur
741 2890 808 2956 diei
831 2896 1049 2972 consumetur,
1075 2892 1160 2971 quod
1184 2909 1269 2957 nunc
1292 2889 1399 2973 ipsum
1422 2890 1465 2955 ad
1481 2889 1570 2954 'Pire-

350 2997 433 3064 siam
457 2997 564 3063 nuntii
581 2997 765 3079 mittantur,
790 2997 936 3080 Oedipus
956 2997 1040 3063 illud
1063 2997 1128 3064 iam
1145 2997 1284 3064 curavit.
1324 2997 1442 3063 Eidem
1458 3001 1570 3080 poetae

351 3105 488 3172 consilio
506 3104 713 3172 tribuendum
730 3110 789 3187 est,
807 3106 893 3185 quod
905 3104 1010 3171 Creon
1026 3106 1093 3170 iam
1109 3110 1186 3172 ante
1201 3104 1333 3171 initium
1349 3103 1569 3186 Antigonae

351 3213 501 3279 custodes
536 3212 713 3279 collocavit
747 3211 939 3292 civibusque
975 3212 1139 3279 universis
1178 3231 1218 3278 ne
1252 3231 1370 3294 corpus
1405 3210 1569 3297 Polynicis

350 3319 528 3403 sepelirent
549 3319 726 3403 praedixit.

437 3426 551 3507 Neque
574 3426 677 3492 solam
701 3426 863 3493 actionem
892 3425 1079 3494 fabularum
1103 3427 1281 3511 Sophocles
1308 3427 1358 3494 ita
1381 3445 1568 3510 componere

349 3534 484 3616 studuit,
516 3540 553 3600 ut
577 3553 616 3600 ex
640 3553 675 3600 se
698 3534 773 3618 ipsa
795 3554 858 3601 uno
883 3535 936 3601 die
960 3536 1002 3600 ad
1029 3535 1126 3602 finem
1150 3536 1392 3618 perduceretur,
1418 3535 1475 3601 sed
1498 3533 1568 3601 uti·

350 3641 532 3708 turvariis
553 3641 681 3709 artibus
697 3640 788 3709 velut
812 3641 1001 3726 oraculiS,
1026 3641 1203 3726 somniis,
1229 3641 1431 3725 epistulis
1457 3642 1568 3723 qubus

350 3748 504 3832 efficitur,
529 3754 565 3815 ut
588 3749 739 3833 singulae
762 3769 816 3816 res
837 3750 874 3815 in
897 3751 1033 3816 eundem
1057 3749 1142 3816 mem
1167 3756 1359 3833 congruant.

440 3857 484 3924 Ut
507 3857 593 3923 enim
617 3859 658 3923 ab
682 3857 805 3924 Aiace
836 3857 1003 3940 exordiar,
1035 3857 1093 3925 vix
1115 3857 1174 3924 ille
1202 3876 1322 3925 scaena
1353 3857 1507 3940 decessit,
1536 3859 1568 3920 ut

349 3964 415 4030 sibi
445 3965 516 4047 ipse
546 3983 676 4031 manum
706 3964 860 4047 inferret,
897 3984 969 4030 cum
999 3965 1133 4032 nuntius
1166 3983 1249 4046 quae
1279 3964 1418 4032 Calchas
1448 3963 1567 4031 Teucro

349 4071 603 4156 praescripserit
626 4073 730 4139 refert
753 4071 796 4159 (v.
816 4071 999 4159 753-57):

563 4171 670 4268 εἶρξαι
693 4177 763 4247 κατ’
787 4171 875 4268 ἦμαρ
899 4176 1089 4269 τούμφανὲς
1110 4177 1149 4246 τὸ
1173 4183 1231 4246 νῦν
1253 4176 1329 4246 τόδε

562 4284 687 4354 Αἴανθ’
711 4285 778 4354 ὑπὸ
803 4293 954 4376 σκηναῖοι
977 4284 1054 4377 μηδ’
1077 4283 1191 4376 ἀφέντ’
1215 4285 1281 4366 ἐᾶν,

563 4392 594 4460 εἰ
617 4391 710 4475 ζῶντ’
733 4392 856 4460 ἐκεῖνον
879 4393 1016 4462 εἰσιδεῖν
1040 4393 1138 4462 θέλοι
1161 4391 1253 4461 ποτὲ.

563 4500 630 4589 ἐλᾷ
652 4498 722 4590 γὰρ
746 4498 864 4568 αὐτὸν
887 4503 979 4590 τῇδε
1001 4500 1159 4592 θήμέρᾳ
1181 4499 1278 4590 μόνῃ

564 4610 652 4686 δίας
674 4607 841 4687 Ἀθάνας
864 4613 994 4699 μῆνις,
1020 4607 1064 4687 οὖς
1087 4607 1151 4699 ἔφη
1176 4608 1284 4694 λέγων.
