3496 5310
881 391 1093 494 „e-

372 603 514 688 singulis
537 604 714 689 generibus
738 603 900 672 nominum
929 624 1013 688 quae
1039 606 1187 674 Graecas
1217 604 1455 672 declinationes
1486 625 1602 688 seque-

373 713 506 795 bantur,
531 710 672 796 cognitis
697 714 737 778 de
760 717 932 795 poetarum
957 712 1086 780 ratione
1110 731 1183 779 esse
1205 711 1414 778 iudicandum
1437 717 1601 795 putamus.

463 819 581 900 Itaque
611 839 676 886 nou
706 821 808 887 solum
834 819 977 886 omnium
1005 819 1168 887 nominum
1192 820 1394 888 Graecorum
1425 838 1510 902 qnae
1534 827 1602 886 ter-

372 923 607 994 minationibus
623 925 764 993 Graecis
788 927 933 994 servatis
956 927 989 993 in
1013 926 1109 994 libris
1133 933 1305 1009 poetarum
1323 932 1466 1012 exstant,
1491 946 1602 994 nume—

372 1051 444 1099 rum
454 1032 489 1098 in
500 1033 616 1100 tabula
625 1033 733 1115 prima
743 1033 863 1116 scripsi
874 1032 963 1119 (pag.
974 1032 1099 1119 lolii),
1111 1051 1246 1116 quorum
1256 1032 1431 1100 multitudo
1442 1052 1516 1100 cum
1528 1053 1603 1101 ver-

371 1139 462 1206 sibus
485 1140 739 1222 uniuscuiusque
763 1146 884 1222 poetae
907 1141 942 1206 in
960 1141 1074 1208 tabula
1096 1141 1143 1207 Ia
1162 1138 1332 1208 confertur
1348 1141 1437 1224 (pag.
1452 1142 1520 1226 74),
1544 1142 1602 1207 sed

372 1244 473 1313 etiam
488 1247 522 1313 in
539 1253 748 1330 conspectum
766 1247 841 1314 dedi
856 1247 987 1314 nomina
1003 1266 1088 1331 quae
1103 1249 1253 1316 Graecas
1272 1248 1523 1314 terminationes
1539 1266 1601 1314 nou

372 1358 553 1436 mutarunt,
579 1359 613 1420 et
636 1371 784 1437 eaquae
808 1355 858 1420 ori
881 1355 1004 1421 Latino
1029 1355 1193 1436 adaptata
1215 1361 1303 1422 sunt.

462 1460 666 1544 Vergilius
691 1461 788 1529 aliam
812 1463 899 1530 viam
923 1463 1000 1530 iniit
1023 1463 1056 1530 in
1081 1463 1218 1548 eclogia,
1244 1463 1344 1530 aliam
1367 1462 1399 1529 in
1424 1461 1600 1546 georgicon

371 1567 468 1634 libris
492 1574 592 1652 atque
612 1569 646 1636 in
663 1570 821 1652 Aeneide,
845 1569 880 1637 iu
895 1589 961 1652 qua
977 1572 1079 1637 multo
1098 1570 1247 1653 pluribus
1263 1570 1446 1638 nominibus
1464 1569 1601 1637 Graecis

371 1675 603 1743 terminatione
626 1684 762 1745 servata
786 1695 865 1744 usus
889 1683 943 1743 est
961 1696 1058 1760 quam
1074 1677 1108 1744 in
1124 1678 1324 1744 carminibus
1342 1676 1472 1761 noterio,
1496 1697 1602 1760 neque

373 1783 416 1848 ab
438 1781 502 1849 alio
519 1788 619 1865 poeta
634 1789 769 1866 praeter
785 1783 949 1867 Ovidium,
974 1804 1016 1851 ne
1033 1803 1054 1850 a
1070 1785 1243 1868 Propertio
1261 1785 1399 1868 quidem,
1425 1791 1601 1866 superatus

263 1887 266 1891 ’
371 1894 433 1956 est.
473 1889 638 1957 nonnullis
662 1890 791 1972 quidem
815 1891 1104 1959 terminationibus
1127 1890 1233 1976 magis
1258 1892 1420 1959 abstinuit
1442 1899 1477 1958 et
1500 1892 1600 1959 casti-

371 2014 459 2062 orem
483 2017 519 2064 se
543 1998 697 2081 praebuit
721 2018 817 2080 quam
840 1999 988 2082 plerique
1015 1999 1156 2082 posteri,
1189 1999 1329 2067 aliarum
1360 2001 1474 2066 eadem
1505 1999 1601 2082 copia

373 2108 427 2172 est
450 2111 550 2186 atque
572 2105 660 2187 apud
684 2105 829 2189 reliquos
852 2113 977 2189 poetas.

461 2211 599 2279 Multum
630 2213 756 2279 distare
785 2213 934 2280 rationes
962 2232 1043 2296 quas
1067 2213 1260 2281 Horatius
1283 2214 1317 2280 in
1342 2213 1545 2280 carminibus
1568 2218 1600 2278 et

371 2336 429 2384 eas
452 2338 534 2400 quas
557 2318 591 2386 in
616 2319 819 2387 sermonibus
839 2325 971 2388 secutus
988 2326 1048 2405 est,
1073 2321 1139 2388 iam
1158 2341 1259 2404 supra
1275 2320 1454 2389 identidem
1470 2322 1600 2388 demon-

371 2425 549 2494 stravimus
581 2427 759 2509 tabulaque
792 2428 1011 2511 probabimus.
1065 2447 1136 2496 cum
1167 2429 1329 2496 Horatius
1361 2447 1454 2511 quem
1488 2427 1601 2495 formis

373 2533 510 2602 Graecis
539 2539 608 2600 tam
638 2532 803 2602 infensum
835 2554 872 2602 se
902 2541 1078 2618 praestare
1108 2536 1256 2603 videmus
1286 2536 1319 2603 in
1352 2535 1474 2603 saturis
1501 2541 1600 2618 atque

373 2639 534 2722 epistulis,
551 2639 585 2707 in
598 2640 686 2707 senis
700 2642 793 2708 denis
810 2643 995 2710 nominibus
1013 2663 1030 2708 e
1048 2643 1198 2710 centenis
1214 2643 1479 2713 terminationem
1494 2643 1600 2710 Grae-

373 2765 444 2813 cam
460 2770 509 2815 ·os
524 2748 723 2832 servaverit,
741 2768 826 2830 quae
843 2749 950 2815 omnia
967 2750 1098 2818 nomina
1115 2769 1187 2818 esse
1203 2750 1428 2835 geographica
1443 2751 1475 2816 in
1492 2751 1602 2832 priore

372 2859 468 2937 parte
499 2856 595 2922 huius
620 2857 767 2938 opusculi
792 2855 948 2939 vidimus,
980 2860 1062 2924 haec
1092 2859 1224 2925 nomina
1246 2857 1472 2942 geographica
1495 2857 1599 2924 Grae-

373 2981 483 3028 corum
515 2982 604 3029 more
633 2963 721 3030 flexa
751 2983 816 3030 non
842 2964 1056 3034 offenderunt.
1104 2965 1306 3047 quinetiam
1330 2965 1480 3032 Tibullus
1504 2970 1603 3047 poeta

373 3069 580 3138 castissimus
594 3071 630 3137 in
653 3070 779 3138 vicenis
802 3072 891 3139 senis
916 3075 1099 3140 nominibus
1122 3093 1140 3138 e
1165 3073 1312 3140 centenis
1337 3072 1602 3140 terminationem

372 3199 422 3244 -os
445 3196 510 3244 nou
533 3177 686 3261 mutavit,
711 3197 783 3245 cum
808 3179 939 3246 nomina
963 3180 1104 3246 locorum
1128 3185 1249 3247 essent.

461 3284 535 3351 Hoc
557 3303 655 3351 unum
679 3285 869 3353 accuratius
892 3287 1008 3369 quaeri
1031 3292 1175 3369 oportet,
1199 3296 1308 3354 utrum
1329 3286 1457 3353 omnino
1475 3285 1603 3353 formae

375 3392 523 3461 Graecae
539 3391 645 3476 magis
661 3393 832 3476 magisque
848 3393 963 3475 poesin
979 3394 1134 3461 Latinam
1150 3393 1335 3462 invaserint
1351 3393 1426 3461 aevi
1441 3391 1603 3476 Augustei

373 3499 424 3565 ita
462 3505 500 3566 ut
539 3500 749 3567 continenter
789 3501 960 3568 multitudo
1000 3522 1110 3568 earum
1151 3503 1295 3569 creverit
1334 3501 1421 3584 apud
1455 3500 1603 3584 singulos

374 3612 491 3689 poetas
521 3625 636 3673 necue.
684 3612 782 3673 erant
809 3613 929 3691 poetae
964 3610 1019 3691 qui
1043 3609 1181 3676 Graecis
1207 3606 1321 3676 formis
1346 3627 1441 3691 quam
1465 3607 1603 3674 maxime

376 3714 540 3796 faverent,
560 3719 658 3781 erant
675 3715 730 3797 qui
750 3721 907 3797 quantum
927 3715 999 3782 fieri
1017 3716 1136 3800 potnit,
1161 3716 1447 3783 terminationibus
1465 3714 1602 3782 Graecis

375 3821 598 3904 abstinerent,
624 3828 721 3889 erant
745 3822 800 3904 qui
824 3828 997 3905 utramque
1020 3824 1107 3891 viam
1132 3823 1257 3890 inirent
1281 3823 1421 3891 diversis
1445 3821 1480 3888 in
1504 3833 1602 3906 gene·

376 3928 468 3994 ribus
504 3927 691 3996 carminum.
739 3929 827 3996 ratio
862 3949 958 4013 quam
993 3931 1153 3997 Horatius
1190 3923 1355 4013 quamque
1381 3929 1535 3996 Tibullus
1570 3933 1604 3993 et

374 4035 565 4120 Lygdamus
590 4035 644 4118 qui
669 4034 778 4102 fertur
797 4038 903 4103 secuti
919 4044 1007 4122 sunt,
1033 4038 1131 4122 longe
1146 4037 1251 4104 distat
1266 4057 1288 4104 a
1304 4035 1453 4121 Vergilio
1469 4042 1603 4102 auctore

376 4141 569 4226 panegyrici
592 4143 771 4210 Messallae
794 4144 971 4226 Propertio
991 4145 1119 4213 Ouidio.

465 4249 632 4333 Vergilius
670 4256 705 4316 et
738 4251 899 4318 Horatius
934 4253 969 4319 in
1007 4252 1207 4319 carminibus
1241 4252 1309 4318 suis
1344 4251 1406 4334 ipsi
1442 4250 1601 4317 rationem

375 4363 554 4424 mutarunt.
610 4375 685 4422 nam
719 4358 901 4441 Vergilius,
942 4365 979 4425 ut
1017 4378 1118 4441 supra
1156 4361 1416 4426 demonstratum
1458 4363 1526 4443 est,
1569 4356 1602 4422 in

376 4464 524 4531 Aeneide
559 4465 670 4547 plures
708 4464 832 4532 formas
870 4467 1018 4534 Graecas
1055 4467 1204 4549 admisit,
1243 4485 1338 4548 quam
1376 4466 1410 4531 in
1445 4464 1602 4532 bucolicis

376 4578 412 4638 et
445 4571 623 4656 georgicis,
660 4571 820 4638 Horatius
854 4575 955 4640 multo
991 4574 1102 4657 plures
1137 4574 1172 4640 in
1207 4575 1408 4640 carminibus
1441 4593 1539 4655 quam
1570 4571 1602 4636 in
