3522 5310
936 297 977 360 14

370 513 466 556 suum
500 513 576 555 esse
611 499 763 576 putarent
798 492 953 577 quioquid
989 492 1155 557 hominem
1193 492 1344 577 omnihus
1379 495 1412 557 in
1446 491 1546 558 rebus

370 598 489 664 fortem
512 597 676 680 redderet,
702 601 854 663 virtutem
879 598 1022 664 dooere?
1054 601 1169 685 Neque
1192 599 1430 686 impugnabant
1452 601 1548 686 primi

371 705 539 792 sophistae
563 707 706 771 rationes
731 728 815 792 quae
844 706 999 792 vigebant
1028 719 1060 772 et
1082 709 1239 772 instituta.
1290 705 1473 788 „Prodikus
1498 729 1546 771 er-

371 812 509 896 soheint,
534 814 638 899 inquit
653 811 803 896 Zeller¹)‚
828 813 876 878 als
902 816 954 878 ein
971 814 1164 880 Lobredner
1188 815 1246 879 der
1269 814 1356 878 alten
1377 815 1457 879 Sitte
1481 816 1549 879 und

370 919 642 1003 Lebensansioht,
668 921 716 986 als
741 923 793 986 ein
817 921 917 986 Manu
942 945 1001 986 aua
1026 922 1085 987 der
1110 921 1230 987 Sohule
1255 921 1313 987 der
1336 923 1549 1010 praktiseheu

371 1028 506 1093 Weisen
531 1028 598 1092 und
621 1028 847 1107 Lehrdiohter,
877 1030 967 1093 eines
992 1029 1119 1095 Hesiod
1143 1029 1211 1095 und
1235 1027 1346 1108 Solon,
1383 1032 1475 1094 eines
1500 1029 1547 1094 Si-

372 1135 521 1202 monides
559 1135 627 1200 und
664 1135 863 1220 Theognis“.
926 1137 1059 1224 Neque
1099 1159 1165 1202 eos
1207 1137 1265 1200 his
1304 1137 1350 1200 de
1389 1137 1548 1223 plaoitis

372 1243 572 1308 disserere
608 1243 889 1329 supersedisse
926 1245 1146 1332 disputatio
1183 1245 1228 1308 de
1265 1243 1409 1308 Pittaci
1444 1243 1547 1308 dioto

370 1357 529 1445 χαλεπὸν
561 1357 699 1420 erutor
731 1355 884 1444 ἔμμεναι
922 1353 959 1415 in
990 1349 1168 1416 Platonis
1202 1353 1414 1436 Protagora
1445 1373 1544 1415 mon·

371 1468 483 1540 strat,
510 1467 623 1524 eontra
647 1458 736 1545 quod
760 1457 947 1523 Simonides
970 1461 1043 1545 ipse
1069 1479 1235 1544 pugnasse
1259 1460 1473 1524 existimatur.
1588 1452 1589 1456 ¹

461 1565 532 1631 Sed
566 1565 822 1650 Protagoram
862 1564 1060 1650 dialogum
1102 1576 1140 1629 et
1179 1567 1548 1652 interpretationem

372 1674 557 1737 carminis
575 1671 790 1739 Simonidei
807 1671 853 1736 ad
872 1673 1074 1758 sophistas
1098 1683 1282 1759 spectare
1306 1676 1548 1759 argumentis

371 1779 702 1866 comprobandum
739 1790 800 1844 eat
834 1802 873 1844 eo
909 1781 1022 1866 magis,
1058 1779 1146 1867 quod
1182 1781 1314 1846 diversa
1345 1783 1455 1868 opinio
1487 1781 1548 1846 iam

371 1886 482 1954 valere
518 1887 651 1953 orditur.
697 1886 807 1952 Loous
838 1889 923 1952 enim
953 1897 1004 1951 est
1026 1887 1224 1974 Protagorae
1253 1889 1359 1954 3470
1395 1897 1463 1958 κτλ.
1499 1896 1551 1957 καὶ

370 2003 429 2086 γὰρ
452 2003 542 2064 δοκεῖ
564 2023 615 2086 μοι
637 2000 675 2063 τὸ
699 2000 765 2085 περὶ
788 2001 939 2080 ποιήσεως
958 2000 1162 2085 διαλέγεσθαι
1186 2001 1368 2088 ὁμοιότατον
1393 1997 1465 2064 είναι
1487 2007 1550 2076 τοῖς

371 2109 545 2194 συμποσίοις
576 2114 640 2182 τοῖς
674 2114 734 2171 τῶν
762 2106 885 2194 φαυ’λων
917 2109 968 2170 καί
996 2107 1149 2194 ἀγοραίων
1182 2107 1358 2195 ἀνθρώπων.
1406 2108 1456 2171 καὶ
1490 2110 1549 2194 γὰρ

372 2212 456 2278 οὖτοι
477 2216 531 2278 διὰ
553 2217 591 2278 τὸ
616 2216 655 2300 μὴ
678 2213 832 2278 δίνασδαι
856 2214 1004 2295 ἀλλήλοις
1025 2209 1066 2278 δι’
1084 2217 1183 2280 αὑτῶν
1200 2215 1374 2279 συνεῒναιέν
1398 2224 1442 2298 τῷ
1466 2217 1549 2299 πότῳ

372 2321 451 2408 μηδὲ
473 2322 527 2384 διὰ
549 2328 605 2401 τῆς
628 2320 743 2384 ἑαυτῶν
767 2328 868 2408 φωνῆς
890 2323 941 2384 καὶ
964 2329 1025 2384 τῶν
1048 2323 1149 2408 λόγων
1167 2331 1226 2385 τῶν
1243 2321 1358 2387 ἑαυτῶν
1383 2323 1437 2385 ὑπὸ
1462 2322 1548 2386 ἀπαι-

370 2430 502 2504 δευσίας,
531 2429 633 2514 τιμίας
654 2435 770 2492 ποιοῦσι
793 2431 850 2504 τὰς
874 2428 1066 2515 αὐλητρίδας,
1095 2430 1212 2493 πολλοῦ
1237 2427 1431 2516 μισθούμενοι
1454 2429 1548 2494 ἀλλο-

371 2537 458 2623 τρίαν
482 2536 579 2624 φωνην
603 2536 657 2616 τὴν
680 2543 740 2598 τῶν
763 2535 863 2599 αὐλῶν
890 2537 942 2598 καί
968 2537 1021 2599 διὰ
1049 2542 1104 2615 τῆς
1131 2535 1250 2598 ἐκείνων
1278 2543 1377 2624 φωνῆς
1404 2536 1550 2617 ἀλλήλοις

374 2643 512 2709 σύνεισιν·
538 2643 611 2708 ὅπου
635 2644 672 2706 δὲ
696 2645 786 2708 καλοὶ
809 2642 946 2730 κάγαθοὶ
969 2644 1122 2729 συμπόται
1144 2645 1195 2707 καὶ
1217 2645 1445 2729 πεπαιδευμένοι
1469 2643 1548 2708 εἰσίν.

373 2752 428 2816 οὐκ
456 2751 493 2815 ἂν
519 2749 600 2826 ίδοις
628 2744 692 2814 οὔτ’
729 2749 915 2837 οιίιλητριδας
950 2746 1014 2814 οὔτ’
1051 2749 1252 2839 ὀρχηστρίδας
1287 2749 1358 2814 οὔτε
1391 2751 1548 2838 ψαλτρίας,

373 2855 442 2923 ἀλλ’
468 2859 580 2933 αὐτοὺς
604 2860 708 2933 αὑτοῖς
730 2857 852 2933 ἱκανοὺς
875 2854 965 2933 ὄντας
988 2863 1115 2920 συνεῖναι
1139 2855 1210 2920 ἄνευ
1235 2865 1295 2920 τῶν
1318 2859 1417 2944 λήρων
1441 2861 1550 2922 τεκαὶ

370 2969 497 3030 παιδιῶν
521 2964 638 3030 τούτων
660 2966 715 3028 διὰ
737 2971 793 3043 τῆς
816 2966 916 3027 αὑτῶν
940 2969 1046 3051 φωνῆς.
1072 2965 1220 3048 λέγοντάς
1246 2987 1281 3028 τε
1304 2965 1355 3028 καί
1379 2963 1550 3040 ἀκούοντας

374 3077 404 3138 ἐν
429 3077 512 3162 μέρει
536 3071 653 3136 ἑαυτῶν
677 3073 818 3157 κοσμίως.
850 3071 905 3133 κάν
928 3074 1003 3134 πάνυ
1032 3071 1126 3134 τολὺν
1151 3067 1228 3136 οίνον
1250 3074 1362 3136 πίωσιν.
1411 3073 1490 3136 οὕτω
1513 3073 1549 3136 δὲ

373 3183 425 3245 καὶ
447 3179 479 3244 αί
501 3181 618 3242 τοιαίδε
642 3179 796 3242 συνουσίαι
897 3177 984 3240 οὐδὲν
1012 3179 1136 3242 δέονται
1164 3177 1331 3265 ἀλλοτρίας
1359 3187 1456 3266 φωνῆς
1479 3179 1551 3244 οὐδὲ

372 3296 503 3368 ποιητῶν
545 3320 575 3326 —
604 3285 687 3350 ἀλλὰ
716 3287 773 3360 τὰς
798 3285 851 3370 μὲν
875 3284 1019 3361 τοιαύτας
1042 3287 1202 3361 συνουσίας
1225 3285 1297 3350 ἐῶσι
1318 3288 1438 3373 χαίρειν.
1464 3287 1551 3351 αὐτοὶ

372 3391 401 3458 δ’
426 3394 546 3470 ἑαυτοῖς
569 3393 680 3459 ου’νεισι
702 3389 743 3456 δι’
768 3390 894 3468 ἑαυτῶν,
921 3393 950 3456 ἐν
973 3399 1038 3468 τοῖς
1062 3391 1177 3457 ἑαυτῶν
1200 3393 1304 3478 λόγοις
1327 3427 1370 3466 -ς-
1394 3397 1466 3470 τοδς
1488 3416 1549 3458 τοι-

374 3501 482 3577 οιίτους
512 3523 564 3586 μοι
596 3502 686 3564 δοκεῖ
712 3505 817 3587 χρῆναι
853 3500 973 3585 μᾶλλον
1005 3500 1160 3586 μιμεῒσδαι
1193 3549 1326 3562 ......
1358 3516 1422 3578 quo
1453 3497 1550 3560 nixus

374 3603 408 3669 F.
427 3601 682 3685 Duemmler'2)
708 3601 801 3666 dioit:
834 3601 943 3666 Wenn
968 3602 1020 3666 die
1046 3600 1286 3686 Unterhaltung
1309 3601 1390 3666 iiber
1414 3602 1552 3666 Dichter·

373 3712 432 3776 mit
455 3711 571 3775 diesen
594 3707 839 3795 Trinkgelagen
872 3709 930 3773 der
954 3708 1195 3794 Ungebildeten
1234 3708 1424 3793 vergliohen
1459 3709 1550 3788 wird,

375 3841 411 3882 so
436 3817 511 3882 zielt
535 3818 606 3882 dies
631 3816 739 3881 neben
762 3816 950 3903 Xenophon
976 3817 1036 3901 (se.
1056 3819 1126 3881 eius
1145 3815 1354 3900 convivium)
1379 3815 1439 3881 auf
1458 3817 1550 3881 Anti·

374 3925 518 4006 sthenes‚
544 3922 685 3989 weloher
709 3924 790 3989 tiber
806 3923 931 3989 Homer·
954 3923 1023 3988 und
1043 3922 1124 3988 tiber
1140 3923 1308 4008 Theognis
1331 3921 1549 4008 gesohrieben

374 4033 461 4098 hatte
487 4082 597 4097 .....
628 4031 745 4117 Gegen
769 4029 982 4096 Antisthenes
1009 4033 1050 4094 ist
1073 4029 1235 4095 nathalioh
1259 4029 1344 4094 ouoh
1368 4030 1421 4094 die
1445 4053 1549 4115 ganzo

374 4136 626 4226 Fragestellung
650 4138 708 4203 des
732 4134 871 4223 Dialogs
904 4139 960 4202 mit
992 4138 1066 4202 dem
1091 4136 1267 4202 aoheinhar
1289 4139 1464 4221 negativen
1487 4136 1549 4200 Re-

375 4245 473 4312 sultst
495 4247 666 4333 geriohtet
703 4247 769 4311 und
804 4269 890 4310 zwar
926 4243 1174 4334 hauptsitohlieh
1203 4267 1311 4328 gegen
1340 4243 1460 4309 dessen
1485 4245 1549 4308 Hs·

374 4355 494 4438 rahles,
522 4353 722 4420 namentiioh
747 4353 801 4418 hat
826 4353 878 4418 die
904 4354 1152 4440 Interpretetion
1177 4351 1236 4415 des
1262 4351 1547 4418 Simonideisohen

431 4467 606 4562 ffios.
627 4497 652 4550 d.
674 4495 797 4552 (αἰετοί
815 4496 829 4549 I
849 4496 866 4550 2
884 4515 912 4564 p.
933 4495 1001 4546 1124
1021 4513 1060 4561 sq.

465 4589 486 4652 ί)
506 4585 684 4641 Akadsmika
699 4605 725 4655 p.
746 4586 781 4640 50
800 4605 840 4654 sq.
