3522 5310
440 957 645 1026 Hebdomas
671 956 890 1043 saplentlum
915 975 1025 1042 quare
1048 957 1130 1024 fleta
1154 956 1213 1022 stt.

325 1138 414 1218 Quot
446 1151 554 1201 autem
591 1138 757 1222 sapientes
794 1136 901 1201 collati
938 1133 1037 1200 sunt?
1096 1133 1239 1221 Septem.
1302 1133 1412 1220 Atque

234 1248 366 1310 nomina
398 1267 510 1310 eorum
542 1243 814 1330 percensentibus
846 1245 900 1330 qui
929 1244 961 1308 in
991 1243 1053 1308 hoc
1077 1243 1273 1328 sapientium
1299 1240 1412 1305 ordino

235 1352 413 1418 aPlatone
436 1351 608 1432 habentur,
646 1350 912 1436 interrogandum
939 1363 999 1432 est,
1031 1371 1089 1414 cur
1112 1349 1146 1413 hi
1175 1359 1325 1435 septem
1355 1369 1411 1434 po-

234 1461 396 1525 tissimum
421 1460 518 1524 electi
542 1460 615 1523 sint.

323 1567 449 1632 Doctos
481 1567 555 1631 aevi
588 1566 675 1652 quod
710 1565 830 1630 dicitur
853 1565 1068 1630 Alexandrini
1098 1563 1180 1629 tales
1211 1585 1354 1627 canones
1380 1564 1412 1644 in

234 1674 360 1740 deliciis
386 1672 542 1738 habuisse
560 1675 641 1737 satis
662 1682 798 1737 constat.
836 1673 911 1754 Qui,
937 1681 973 1735 ut
995 1671 1152 1737 nonnulla
1168 1671 1310 1752 afferam,
1336 1693 1410 1734 con·

233 1790 410 1867 gesserunt
433 1789 561 1867 septem
584 1779 696 1843 mundi
729 1779 897 1857 miracula,
930 1789 1057 1865 septem
1090 1778 1201 1858 urbes,
1238 1799 1323 1863 quae
1346 1777 1413 1841 Hc-

234 1910 359 1953 merum
385 1890 490 1952 civem
520 1887 581 1952 sibi
614 1885 834 1968 vindicabant,
872 1909 933 1951 nec
968 1909 1033 1952 non
1057 1885 1203 1973 pleiades
1229 1882 1301 1948 illas
1327 1907 1410 1969 quac

233 2006 401 2066 vocantur,
436 1993 571 2060 alteram
604 1997 801 2078 tragicorum
835 2004 1014 2080 poctarum,
1046 1992 1180 2058 alteram
1213 1993 1412 2054 comicorum

233 2104 375 2188 itemque
399 2125 518 2167 novem
542 2099 765 2188 lyricorum.¹)
812 2102 882 2166 Hcs
908 2111 1016 2166 autem
1042 2123 1159 2165 novem
1185 2099 1306 2184 lyricos
1331 2099 1411 2162 anti·

234 2212 290 2297 qui
324 2207 480 2296 philologi
514 2230 580 2274 non
616 2210 757 2294 optimos
787 2207 966 2292 elegerunt,
1003 2208 1064 2271 sed
1096 2229 1266 2270 numerum
1299 2227 1410 2268 corum

235 2318 483 2398 constituerunt,
520 2338 594 2380 cum
630 2315 747 2380 horum
783 2317 927 2380 carmina
956 2314 1093 2379 ederent
1120 2325 1219 2399 atque
1249 2335 1320 2376 cum
1347 2311 1411 2374 lide

235 2425 422 2509 conscripta
445 2435 625 2488 servarent.
672 2423 864 2509 Lyricorum
899 2425 1042 2486 carmina
1072 2420 1264 2506 colligentes
1292 2441 1410 2482 novem

233 2540 357 2596 tantum
393 2533 600 2612 invenerunt,
637 2532 730 2594 cuius
766 2532 814 2594 rei
844 2529 1061 2593 clarissimum
1091 2529 1321 2593 documentum
1351 2537 1410 2606 cst,

237 2637 325 2724 qnod
349 2639 497 2703 decimus
520 2636 645 2725 lyricus
669 2648 766 2724 poeta
795 2639 953 2702 nominari
977 2639 1099 2722 nequit.
1147 2635 1302 2699 Accessit
1331 2655 1410 2696 sanc

235 2755 351 2832 postea
375 2744 528 2828 Corinna,
553 2746 614 2811 sed
637 2767 769 2832 semper
793 2745 974 2811 domestica
998 2746 1123 2830 poetria
1147 2743 1275 2808 mansit.
1286 2745 1312 2823 ²)

343 2852 382 2917 ln
406 2862 532 2940 septem
554 2874 632 2916 vero
657 2851 860 2939 sapientibus
884 2873 938 2916 res
954 2873 1098 2936 prorsus
1123 2849 1218 2914 aliter
1242 2871 1278 2912 se
1302 2847 1410 2911 habet.

236 2959 270 3025 Si
295 2970 545 3047 praeceptorum
569 2961 726 3024 advitam
752 2981 958 3024 communem
982 2958 1079 3022 modo
1097 2957 1313 3043 spectantium
1330 2955 1411 3018 ratio

235 3067 388 3133 habenda
411 3079 490 3145 erat,
515 3069 647 3132 nomina
669 3066 844 3132 multorum
870 3067 1011 3130 virorum
1036 3074 1167 3151 praesto
1192 3073 1284 3128 erant
1307 3063 1413 3146 quint

236 3187 386 3240 auctores
412 3176 578 3260 sapientes
596 3177 716 3238 sanciri
735 3183 878 3259 possent,
904 3165 1096 3259 quinetiam
1115 3193 1212 3235 unum
1231 3169 1411 3233 alterumve

237 3285 343 3368 quire
369 3304 447 3346 vera
469 3283 553 3345 inter·
569 3291 695 3367 septem
720 3283 887 3366 sapientes
904 3279 1055 3362 refertur,
1080 3280 1112 3343 in
1137 3278 1252 3342 horum
1276 3299 1412 3340 numero

236 3412 300 3454 non
326 3399 509 3474 exspectes.
557 3386 623 3452 Sed
651 3389 818 3474 sapientes
855 3397 948 3452 erant
970 3389 1026 3473 qui
1060 3409 1114 3450 res
1150 3395 1182 3449 et
1210 3385 1357 3449 doctrina
1382 3392 1413 3448 et

237 3519 298 3560 usu
324 3498 471 3582 cognitos
497 3494 664 3578 haberent,
689 3496 750 3558 viri
774 3497 820 3559 rei
846 3493 997 3582 publicae
1021 3492 1184 3578 gerendae
1210 3492 1296 3556 hand
1314 3495 1412 3578 impe-

236 3606 288 3668 riti
314 3626 419 3689 neque
444 3604 552 3668 minus
582 3602 709 3667 consilii
733 3601 820 3689 pleni
850 3613 881 3665 et
906 3603 1085 3688 sapientiae
1116 3611 1292 3686 compotes.
1339 3600 1413 3663 Hac

237 3713 335 3796 igitur
358 3733 376 3774 e
401 3712 563 3776 sententia
594 3713 790 3797 sapientium
819 3709 1000 3774 hebdomas
1033 3709 1207 3774 constituta
1239 3717 1298 3771 cst.
1347 3707 1412 3771 Sed

329 3889 347 3952 ¹)
367 3885 466 3942 Schott
485 3888 501 3939 l.
521 3888 537 3942 l.
558 3905 583 3955 p.
606 3887 647 3941 15.
686 3887 717 3940 Ο.
739 3887 904 3943 Kroehnert.
930 3885 1094 3940 Oenonesne
1115 3887 1272 3954 poetarum.
1297 3883 1413 3952 scripto-

237 3995 306 4045 rum,
326 3976 464 4030 artificum
484 3993 535 4045 per
554 3977 753 4044 antiquitatem
772 3977 904 4030 fuerunt?
926 3975 996 4030 Diss.
1017 3975 1125 4043 Regim.
1147 3973 1215 4026 1897
1253 3973 1288 4026 ln
1306 3989 1413 4026 canone

238 4067 335 4120 decem
354 4071 494 4121 oratorum
514 4082 560 4119 res
580 4065 730 4119 admodum
750 4065 835 4120 dubie
854 4067 909 4128 est;
931 4065 1033 4118 sicum
1046 4080 1103 4119 non
1117 4062 1263 4117 constituit
1277 4061 1413 4117 Caecilius

238 4155 433 4210 Caleactcnsis.
453 4157 548 4209 tamen
569 4156 739 4209 auctoritate
759 4173 817 4224 sua.
837 4157 868 4208 ut
887 4156 1001 4208 valeret.
1022 4153 1123 4208 effecit.
1154 4151 1193 4208 cf.
1208 4151 1412 4222 Heydenreich.

241 4245 280 4297 De
299 4244 461 4309 Quintiliani
480 4244 598 4300 institut.
618 4247 689 4299 orat.
708 4245 780 4298 libro
800 4244 833 4300 X.
854 4245 888 4297 de
907 4243 1022 4314 Dionys.
1036 4243 1176 4297 Halicarn.
1197 4242 1232 4295 de
1250 4241 1321 4294 imit.
1341 4240 1413 4294 libro

238 4334 274 4388 ΙΙ.
302 4333 338 4388 de
367 4350 481 4394 canone.
511 4333 558 4403 qni
590 4333 700 4400 dicitur,
733 4333 921 4387 Alexandrino
949 4336 1065 4401 quaest..
1100 4332 1163 4384 diss.
1193 4331 1303 4400 Erlang.
1336 4329 1413 4382 1900.

239 4423 404 4492 Kroehnert,
426 4423 624 4479 chhenschr.
643 4423 662 4478 f.
682 4424 764 4478 irlass.
785 4423 883 4478 Philol.
903 4423 970 4477 1901
990 4442 1017 4477 n.
1039 4423 1071 4475 16
1091 4442 1117 4492 p.
1137 4421 1198 4474 429.

232 4498 234 4515 ’
329 4514 350 4579 ²)
368 4511 410 4568 De
429 4513 622 4568 Wilamowitz.
647 4513 834 4583 Bakohylides
859 4512 964 4574 (Berlin
986 4511 1066 4570 1898>
1089 4531 1117 4580 p.
1136 4511 1161 4564 9.
1199 4511 1364 4578 Textgesch.
1387 4510 1412 4564 d.

239 4602 342 4670 griech.
362 4603 456 4672 Lyrik.
476 4622 502 4672 p.
522 4605 547 4658 5.
570 4605 601 4656 10
620 4623 660 4671 sq.
