3522 5310
793 294 835 360 67

318 488 369 552 Ex
392 497 658 574 argumentorum
682 488 893 555 similitudine
911 513 995 577 quae
1012 491 1154 556 Leandri
1172 513 1247 556 esse
1263 491 1404 558 afferun-

229 606 290 678 tur,
316 596 487 684 apparebit
508 619 550 662 ex
566 599 662 662 unius
675 599 819 662 auctoris
837 619 901 662 uno
916 597 1075 684 opusculo
1094 599 1204 662 onmia
1220 598 1404 684 fragmenta

229 703 375 768 fluxisse.
439 703 508 768 Iam
544 703 687 768 vidimus
726 706 946 769 narrationem
993 705 1033 770 de
1075 703 1213 769 Milesiis
1248 703 1403 770 Prieneu-

229 810 399 897 sibusque,
433 810 596 897 Apollinis
631 811 809 897 Didymaei
843 810 964 899 talique
999 814 1032 877 in
1057 822 1211 877 contextu
1248 811 1404 899 Delphici

229 916 359 1003 templo,
400 918 440 982 ds
480 915 616 983 Thalete
656 929 688 983 et
725 917 859 1006 reliquis
899 929 1026 1005 septem
1067 919 1272 1006 sapientibus
1316 919 1403 984 haud

230 1024 407 1090 abhorrere
431 1049 451 1090 a
473 1025 654 1090 Maeandrii
679 1024 752 1090 libri
776 1036 978 1111 argumento.
1019 1027 1133 1113 Neque
1157 1028 1270 1112 negari
1295 1035 1404 1113 potest

229 1132 356 1218 reliqua
390 1132 452 1196 sub
476 1132 619 1198 Leandri
649 1134 779 1197 nomine
815 1132 913 1200 allata
947 1134 1131 1219 fragmenta
1165 1138 1198 1198 in
1221 1132 1402 1200 Maeandrii

229 1241 383 1305 Historiis
413 1242 587 1305 exstitisse.
635 1240 734 1305 lones
759 1263 800 1306 ex
829 1243 1008 1306 inveterato
1044 1263 1133 1305 more
1172 1240 1302 1326 linguas
1331 1241 1402 1306 deis

229 1346 417 1412 immolasse
431 1347 574 1412 Leandri
587 1350 778 1414 auctoritate
801 1349 893 1413 nisus
923 1347 1142 1414 scholiasta
1170 1348 1217 1413 ad
1244 1347 1401 1412 Homeri
1468 1403 1470 1408 .

230 1455 418 1541 Odysseam
442 1454 582 1521 111341
608 1455 687 1522 dicit
717 1461 878 1542 ἐζήτησαν,
912 1464 967 1525 διὰ
987 1463 1018 1526 τί
1040 1469 1105 1538 τοῖς
1140 1461 1223 1537 θεοῖς
1256 1461 1403 1549 ἀπένεμον

229 1572 285 1645 τὰς
307 1570 460 1655 γλώσσας.
493 1569 522 1633 οἱ
557 1569 611 1656 μὲν
638 1569 789 1653 ἐνόμισαν,
825 1567 865 1631 ὧν
900 1569 966 1632 ἐστι
1001 1566 1157 1654 Λέανδρος
1178 1568 1197 1648 ἢ
1216 1567 1401 1654 Ἀρητάδης,

229 1678 312 1742 κατά
333 1684 474 1762 πατρῷον
490 1673 562 1752 ἕδος
579 1675 694 1740 Ἰώνων.
735 1669 965 1758 Stephanus
990 1671 1205 1756 Byzantius
1230 1694 1254 1735 s.
1274 1674 1401 1755 ν.Ὕδη,

228 1785 315 1860 πόλις
338 1782 454 1859 Λυδίας
478 1826 617 1842 .....
643 1782 799 1870 Λέανδρος
808 1777 831 1859 ¹)
854 1782 891 1849 δ’.
918 1781 951 1846 ὅν
985 1783 1123 1870 Νικάνωρ
1146 1782 1347 1870 παρατίθησιν
1371 1783 1402 1846 ἐν

228 1892 480 1978 Μετονομασίαις,
504 1892 559 1970 τὴν
582 1890 674 1970 αὐτὴν
702 1890 793 1971 Ὕδην
828 1892 880 1954 καὶ
901 1887 1028 1978 Σάρδεις
1063 1893 1157 1979 φησίν,
1203 1883 1401 1971 Etymolo·

228 1996 357 2078 gieum
381 1992 559 2078 Magnum
590 2016 614 2058 s.
639 2015 668 2056 ν.
690 1993 783 2074 Ἦλις
806 2016 835 2078 ρ.
861 1993 958 2070 426,8
990 2001 1030 2074 ὡς
1060 1993 1251 2085 Λέανδροςῖ)
1283 1999 1335 2062 διὰ
1364 1998 1401 2061 τὸ

229 2109 301 2182 τοὺς
321 2106 355 2169 ἐκ
370 2113 425 2170 τοῦ
449 2108 669 2193 κατακλυσμοῦ
693 2104 917 2192 περισωθέντας
933 2106 963 2168 ἐν
980 2106 1058 2196 αὐτῇ
1082 2105 1254 2186 ἁλισθῆναι,
1280 2104 1296 2168 ὅ
1321 2105 1402 2168 ἐστιν

230 2213 442 2300 ἀθροισθῆναι.

318 2334 379 2399 His
403 2333 461 2398 tibi
484 2355 679 2420 persuasum
707 2330 778 2398 fore
812 2331 941 2398 confido
976 2336 1132 2424 Λέανδρον
1168 2341 1200 2396 et
1234 2335 1403 2422 Λιάνδριον

229 2464 340 2506 errore
365 2441 546 2506 deformata
569 2443 701 2504 nomina
725 2463 800 2504 esse
824 2442 1000 2526 scriptoris,
1026 2441 1119 2504 euius
1144 2461 1258 2503 verum
1282 2460 1399 2502 nomen

228 2555 414 2641 Μαιάνδριος
432 2558 510 2628 erat,
527 2557 562 2612 ut
577 2547 736 2630 Dielsius,
755 2549 843 2613 Poet.
860 2546 971 2612 Philos
1000 2547 1060 2631 lug.
1078 2571 1109 2633 p.
1127 2548 1148 2610 5
1175 2545 1215 2610 ad
1242 2547 1401 2632 Diogenis

228 2657 347 2721 Laertii
372 2655 481 2720 locum
506 2654 588 2719 128
613 2653 761 2718 adnotat:
797 2677 903 2720 oerum
935 2657 1080 2738 (nornen)
1109 2661 1155 2720 est
1187 2650 1399 2736 Μαιανδρίου.

229 2764 342 2849 Neque
367 2761 502 2826 difficile
520 2764 574 2826 via
589 2764 763 2826 monstrari
783 2771 900 2849 potest,
927 2784 991 2848 qua
1008 2784 1025 2826 e
1042 2766 1229 2854 Μαιάνδριος
1245 2765 1401 2852 Λέανδρος

229 2871 349 2934 lactum
367 2871 417 2940 sit.
441 2870 619 2955 Postquam
636 2891 655 2933 e
672 2873 917 2940 ΜΑΙΛΝΔΡΙΟΣ
935 2868 1024 2934 facili
1041 2891 1151 2934 errore
1167 2871 1402 2938 ΛΕΛΝΛΡΙΟΣ

229 2977 335 3042 faetus
372 2977 468 3060 est3),
508 2975 593 3044 haud
625 2986 721 3040 reete.
744 3000 863 3042 nomen
895 2978 1110 3063 compositum
1143 2999 1217 3040 esse
1250 2995 1399 3055 sensere3

229 3107 303 3149 nam
334 3094 370 3149 ut
401 3082 552 3170 analogia
582 3083 688 3167 docet,
722 3107 788 3148 nou
825 3107 899 3148 eum
932 3122 974 3130 —
1006 3091 1135 3176 ανδριος,
1168 3082 1228 3148 sed
1252 3103 1326 3146 cum
1359 3118 1388 3128 -

230 3199 337 3285 ανδρος
366 3194 499 3256 nomina
527 3189 805 3278 componunturt).
853 3189 969 3279 ltaque
998 3214 1015 3256 e
1042 3195 1209 3282 Λεάνδριος
1231 3191 1296 3255 iam
1319 3189 1400 3252 anti-

230 3339 358 3346 ...------
376 3339 440 3344 ffl—

319 3407 338 3468 ¹)
358 3404 402 3458 Sic
422 3405 473 3458 eod
494 3403 595 3472 V(oss.)
615 3406 645 3458 et
663 3399 1009 3473 Atld.)Niovopo<R(ehd.t
1028 3405 1179 3471 Μαιάνδριος
1197 3402 1240 3456 rel
1258 3401 1401 3470 Μαίανδρος

229 3493 392 3552 Meinelrius.

316 3585 337 3650 ’ρ
357 3583 422 3638 Sine
441 3584 498 3638 ulla
515 3582 642 3637 lectionis
662 3583 858 3652 discrepantia,
879 3585 909 3636 ut
923 3581 1157 3636 Reitzensteinius
1176 3597 1221 3634 me
1241 3582 1331 3634 docet.

318 3675 340 3742 ’ρ
359 3673 453 3727 Simile
472 3675 619 3743 peceatum
639 3673 694 3727 iam
713 3672 872 3742 Stephanus
890 3672 1041 3742 Byzantius
1059 3671 1168 3725 notavit
1181 3689 1201 3723 s.
1216 3688 1241 3726 ν.
1254 3674 1400 3738 Νεάνδρεια.

227 3766 295 3826 πάλις
312 3765 434 3833 Τρωάδος
453 3759 480 3844 ἐν
498 3764 682 3833 Ἑλλησπόντῳ,
710 3766 745 3827 ὡς
773 3764 868 3832 Χάραξ.
900 3758 925 3819 ἔν
944 3783 992 3818 τισι
1019 3762 1048 3816 δὲ
1075 3760 1201 3830 Λέανδρος
1219 3763 1341 3829 γράφεται
1359 3764 1401 3812 διὰ

226 3861 303 3910 roth
327 3860 421 3917 κακῶς.
458 3851 563 3908 Keilius
592 3853 610 3906 l.
639 3853 655 3906 l.
686 3870 742 3906 non
769 3856 845 3908 recto
865 3852 1013 3906 conclusit:
1037 3852 1101 3905 inde
1128 3851 1198 3920 ρκοά
1225 3847 1360 3917 Λέανδρος
1377 3865 1399 3902 e.

227 3939 374 4009 Λεάνάριοε
414 3943 512 4010 abique
542 3943 701 4009 reperiatur.
732 3941 806 3994 uallo
837 3942 893 3996 loco
923 3939 1084 4011 Aar'avclpor,
1111 3941 1257 4008 scriptores
1284 3939 1400 4004 formam

228 4031 380 4101 Μεάνδριοε
402 4032 542 4100 atquem
568 4032 621 4086 sibi
643 4031 802 4093 ιἰιάαῑσιλισς
833 4052 858 4086 αι
885 4029 992 4084 factum
1021 4033 1102 4100 ests,
1131 4030 1178 4083 ubi
1199 4030 1319 4098 primurn
1340 4046 1355 4081 e
1374 4031 1399 4082 Μ

227 4122 328 4176 mendo
348 4127 370 4176 Λ
389 4119 505 4175 exstitit.
1034 4163 1038 4170 .

316 4213 337 4274 ⁴)
357 4208 397 4263 Of.
417 4209 493 4274 utel,
513 4209 562 4264 Die
581 4209 685 4278 grieoh.
710 4209 973 4264 Personennamen¹
997 4209 1088 4276 (1894)
1112 4227 1138 4278 p.
1163 4207 1253 4276 teste.
1292 4207 1400 4260 Nomen

228 4299 383 4354 Maeandrii
401 4317 458 4353 non
477 4317 540 4354 oum
560 4329 592 4339 -
613 4305 711 4368 ανδριος
729 4299 923 4368 compositum,
943 4299 991 4352 sed
1012 4303 1197 4367 οΜαι-ανδρος
1211 4297 1325 4350 ductum
1339 4312 1399 4350 esse

227 4393 260 4442 ut
278 4389 410 4444 adiectivi
437 4389 557 4442 formam
576 4391 708 4458 apparet;
726 4389 830 4442 ιἰιοιιιάι
844 4387 1025 4442 Maeandrius
1042 4390 1061 4441 i.
1080 4403 1100 4444 ι.
1121 4387 1231 4442 Caunus
1250 4387 1311 4450 (Or.
1332 4385 1399 4437 Met.

228 4478 266 4532 lx
284 4477 362 4544 574„
392 4477 565 4544 Maeandria,
593 4478 726 4548 oppidum
756 4477 831 4546 Epiri
861 4477 941 4545 (Pliu.
971 4477 1003 4529 N.
1033 4476 1065 4529 H.
1094 4475 1133 4528 IV
1154 4476 1206 4547 ut)
1255 4475 1312 4528 Nec
1334 4491 1399 4527 raro

229 4567 385 4622 Maeandrii
404 4583 504 4621 nouren
525 4568 652 4622 occurrit.
701 4567 742 4619 Ad
762 4567 831 4620 hese
851 4583 921 4635 quae
941 4566 1058 4619 Mueller
1086 4565 1159 4619 FHG
1186 4564 1285 4618 11334
1309 4563 1399 4629 affert,

1205 4654 1235 4706 b·
