3522 5310
788 319 913 416 19.

222 513 262 577 de
287 514 378 599 poesi
403 511 626 599 colloquentes
654 512 733 579 fecit
761 525 816 578 aut
840 515 1026 579 convivium
1062 516 1210 600 scripsit3
1247 525 1313 578 tum
1340 515 1395 600 qui

221 621 292 684 eius
316 622 493 708 participes
517 620 660 700 fuerunt,
689 645 752 686 non
778 622 819 686 de
847 624 938 708 poesi
976 620 1114 708 colloqui
1141 632 1300 707 poterant,
1337 621 1397 685 sed

221 725 375 792 tibicinae
404 728 595 814 prodierunt
623 751 747 814 eosque
777 728 990 794 oblectarunt.
1008 730 1033 810 ¹)
1080 728 1271 794 Certissime
1300 730 1397 814 igitur

222 837 331 900 omnia
354 845 468 900 contra
487 835 584 901 tostii
609 838 794 923 opinionem
819 847 975 922 pugnant,
1001 838 1055 922 qui
1073 836 1302 901 Antisthenem
1320 858 1396 900 con—

221 944 348 1008 vivium
380 945 555 1030 scripsisse
588 953 690 1029 putet,
726 947 757 1008 in
783 966 846 1030 qno
884 947 1096 1008 convivantes
1132 943 1327 1029 permultum
1356 943 1397 1009 de

221 1053 315 1136 poesi
332 1049 578 1136 disputaverint.
611 1051 727 1138 Neque
753 1054 839 1114 enim
864 1050 940 1115 licet
956 1050 1101 1116 Platonis
1119 1050 1223 1115 verba
1245 1057 1397 1142 συμπόσια

221 1171 281 1227 τῶν
304 1163 427 1252 φαύλων
453 1164 504 1226 καὶ
527 1162 679 1249 ἀγοραίων
715 1180 797 1243 quos
833 1167 967 1244 propter
994 1159 1208 1242 ignorantiam
1244 1157 1396 1223 tibicinae

222 1264 394 1342 oblectant,
420 1265 462 1329 ad
480 1263 624 1351 Cynicos
649 1265 787 1344 referre;
814 1263 891 1329 talia
904 1265 1054 1329 convivia
1071 1265 1112 1329 ad
1130 1264 1291 1330 cotidiana
1307 1265 1398 1349 vulgi

222 1371 461 1437 oblectamenta
485 1383 636 1458 spectare
661 1381 807 1458 apparet.
855 1373 969 1458 Neque
996 1374 1170 1458 quiequam
1194 1375 1227 1436 in
1251 1371 1396 1437 Platonis

222 1480 333 1544 verbis
361 1490 412 1544 est
441 1478 529 1564 quod
564 1477 658 1544 nobis
689 1502 801 1544 ansam
839 1479 902 1558 det,
944 1502 1008 1566 qua
1037 1479 1235 1566 Cynicorum
1272 1488 1396 1544 sectam

222 1587 439 1672 significatam
463 1595 625 1674 putemus,
649 1587 771 1651 nedum
795 1586 1000 1651 Antisthenis
1025 1585 1232 1653 Convivium.
1265 1587 1397 1674 Sophis-

221 1703 327 1760 tarum
363 1693 551 1781 disputandi
574 1716 679 1779 genus
704 1693 757 1758 hic
781 1693 874 1759 Plato
897 1695 1097 1781 perstrinxit,
1134 1696 1190 1782 qui
1218 1695 1396 1760 sententias
1429 1753 1432 1760 ,

222 1825 240 1866 e
265 1805 371 1890 poetis
396 1800 555 1866 delibatas
573 1824 612 1866 ac
630 1810 797 1888 surreptas
822 1801 987 1866 advivam
1011 1812 1172 1877 resecant,
1197 1801 1257 1866 sed
1281 1801 1397 1868 Socra-

222 1913 319 1974 ticam
338 1907 523 1974 disserendi
534 1911 693 1973 rationem
711 1930 793 1994 quae
811 1911 1068 1995 uniuscuiusque
1087 1911 1248 1974 sententia
1265 1911 1396 1974 concise
1447 1927 1451 1934 ’

222 2040 262 2081 ac
286 2015 430 2081 breviter
453 2015 646 2080 disserenda
669 2017 861 2098 continetur,
885 2019 1018 2103 assequi
1041 2039 1106 2081 non
1131 2027 1276 2102 possunt.

331 2160 425 2242 Quae
457 2183 530 2224 cum
562 2163 607 2224 ita
637 2161 711 2242 sint,
746 2159 846 2225 Joelii
880 2181 980 2225 unum
1005 2169 1231 2244 argumentum
1265 2159 1398 2225 allatum

226 2268 301 2346 „fiir
312 2267 426 2354 jeden,
453 2267 510 2332 der
527 2267 646 2352 Augen
662 2266 736 2330 hat“
763 2290 829 2332 non
853 2267 959 2333 solum
984 2267 1065 2331 nihil
1081 2266 1176 2348 valet,
1202 2266 1261 2331 sed
1278 2265 1397 2332 falsum

223 2387 281 2439 est.
328 2373 391 2455 Qui
417 2384 561 2439 ceterum
588 2373 738 2439 sibinen
764 2384 900 2457 constat,
931 2397 1005 2439 cum
1034 2374 1131 2440 modo
1156 2374 1234 2439 dicit
1256 2397 1288 2460 p.
1314 2373 1395 2439 733:

224 2481 353 2560 „Wenn
378 2504 415 2546 er
439 2481 678 2564 (Antisthenes)
704 2483 752 2546 sie
769 2491 846 2546 statt
866 2481 925 2546 der
949 2493 1042 2547 teuer
1059 2480 1232 2547 erkauften
1247 2480 1396 2545 fremden

223 2587 381 2654 Stimmen
418 2588 476 2654 der
503 2587 842 2675 Flotenspielerinnen
877 2587 980 2654 liaber
1015 2589 1072 2653 mit
1107 2591 1244 2675 eigenen
1272 2586 1397 2652 Mitteln

223 2698 295 2760 eine
320 2695 523 2760 literarische
548 2694 789 2780 Unterhaltung
817 2696 946 2782 pflegen
970 2697 1070 2760 liess“
1101 2695 1196 2760 modo
1225 2695 1340 2760 eadem
1363 2698 1398 2760 in

222 2805 343 2889 pagina
373 2803 552 2868 contendit:
602 2803 686 2882 „Um
719 2825 777 2866 zur
804 2806 964 2888 geistigen
988 2801 1229 2887 Unterhaltung
1256 2801 1397 2868 mahnen

221 2931 264 2974 zu
288 2910 429 2992 kiinnen,
464 2933 553 2975 muss
589 2908 668 2973 aber
692 2911 903 2976 Antisthenes
939 2913 999 2976 wie
1023 2911 1209 2997 Xenophon
1245 2921 1312 2974 erst
1344 2910 1396 2974 die

221 3015 494 3104 Fltitenspielerin
519 3014 709 3101 rorgeftihrt
732 3015 870 3081 hahen.“

329 3158 445 3246 Itaque
482 3157 627 3225 Platonis
667 3157 863 3244 Protagoras
899 3182 940 3225 ex
979 3159 1092 3225 ordine
1132 3169 1396 3244 argumentorum

221 3265 428 3331 Antisthenis
454 3265 605 3332 Convivii
628 3268 850 3333 removendus
876 3278 933 3332 est.
969 3265 1115 3353 Reliquis
1139 3269 1173 3332 in
1196 3269 1396 3353 argumentis

220 3373 319 3438 Joalii
342 3375 598 3440 ratiocinationis
623 3373 829 3439 imbecillitas
859 3377 953 3439 etiam
985 3377 1088 3461 magis
1118 3373 1234 3439 elucet.
1281 3375 1396 3461 Neque

221 3482 307 3544 enim
340 3482 467 3565 ignorat
488 3481 627 3564 Joslius,
664 3484 758 3547 cuius
786 3484 819 3546 in
851 3482 947 3547 domo
972 3481 1185 3548 Antisthenes
1210 3483 1395 3546 convivium

221 3587 345 3652 factum
369 3611 444 3653 esse
468 3588 608 3654 voluerit
634 3613 665 3676 p.
692 3591 773 3654 713:
824 3589 916 3670 „Wir
943 3590 1074 3654 konnen
1112 3611 1208 3674 sogar
1244 3588 1307 3654 den
1337 3588 1397 3654 Ort

222 3695 283 3759 des
323 3695 604 3762 antisthenischen
643 3695 858 3784 Symposions
898 3697 1065 3782 angehen:
1106 3695 1165 3761 das
1203 3697 1296 3761 Haus
1336 3695 1395 3760 des

221 3801 357 3868 Kallias.
406 3803 489 3868 Dort
518 3802 615 3891 spielt
642 3804 732 3869 nicht
754 3828 817 3869 nur
844 3804 903 3870 das
927 3804 994 3870 ihm
1022 3803 1272 3889 nachgebildete
1296 3826 1396 3868 xeno·

221 3910 416 3998 phontische
433 3909 642 3998 Symposion,
667 3911 809 3976 soadern
826 3910 910 3976 auch
928 3911 987 3976 der
1010 3912 1070 3976 auf
1091 3911 1154 3975 den
1171 3910 1395 3998 Protreptilros

221 4075 433 4084 ...--.-.-.-——-

331 4161 349 4228 ¹)
368 4159 401 4214 In
431 4160 555 4215 Platonis
579 4159 713 4216 Convicio
737 4161 784 4230 qui
803 4161 959 4231 Agathonis
984 4161 1096 4215 domum
1120 4159 1291 4215 conveniunt
1314 4159 1395 4214 huius
1468 4153 1469 4156 ’

222 4249 366 4305 victoriam
396 4249 575 4315 celebraturi,
608 4251 658 4305 sed
690 4251 823 4306 hesterno
857 4267 932 4305 moro
964 4250 1020 4304 iam
1051 4249 1161 4320 gravati
1190 4249 1395 4303 intermissione

222 4340 342 4410 quadam
356 4343 449 4411 egent.
470 4340 628 4396 convivium
646 4341 742 4396 facere
755 4341 862 4406 nolunt,
882 4340 1077 4409 sedeciasque
1091 4339 1206 4394 arbitrio
1220 4339 1393 4408 permittunt

222 4431 358 4498 cruentum
382 4429 468 4485 bibat.
513 4429 700 4494 Quamobrem
730 4430 798 4486 dicit
829 4431 1028 4500 Eryximachus
1059 4429 1150 4482 l'lb'E
1179 4425 1325 4497 εἶσηγοῦμαι
1351 4427 1395 4496 τὴν

224 4521 269 4589 μὲν
288 4519 342 4590 ἄρα
360 4516 521 4576 εἰσελθοῦσαν
549 4521 684 4590 αὐλητρίδα
702 4521 794 4592 χαίρειν
813 4515 865 4578 ἐᾶν.
887 4521 1010 4576 αὐλοῦσαν
1029 4515 1105 4598 ἑαυτῇ
1127 4518 1190 4588 iidie
1210 4521 1326 4586 βούληται
1344 4524 1396 4582 ταῖς

223 4609 317 4678 γυναιξὶ
334 4613 389 4674 ταῖς
408 4604 486 4679 ἔνδον,
505 4608 572 4678 ἡμᾶς
591 4611 620 4665 δὲ
639 4615 679 4664 διὰ
698 4611 778 4680 λόγων
797 4609 908 4678 ἀλλήλοις
927 4615 1034 4665 συνεῖναι
1052 4610 1079 4664 τὸ
1098 4608 1212 4678 τήμερον.

1201 4697 1234 4748 2*
