3442 5324
742 434 780 498 81

67 707 73 718 .
153 647 245 712 firmo
280 665 427 712 caremus
464 645 689 729 fundamento,
726 648 899 714 dolendum
931 653 998 729 est;
1038 667 1113 713 nam
1146 647 1270 713 nullum
1307 649 1376 714 fere

153 753 330 819 carminum
354 753 500 835 illorum,
530 754 711 834 dequibus
740 761 933 836 argumenta
961 754 1207 836 tragoediarum
1231 755 1376 821 Graeca·

151 879 221 926 rum
263 861 419 943 pendent,
462 861 638 927 memoriae
679 861 838 928 traditum
880 867 939 927 est.
995 861 1119 926 Tamen
1160 881 1226 926 una
1267 867 1377 928 exstat

152 966 267 1034 fabula
301 987 365 1048 qua
395 968 613 1034 demonstrari
641 975 763 1051 potest,
799 987 893 1050 quem
922 969 1115 1034 admodum
1143 975 1241 1050 poeta
1270 968 1376 1051 tragi-

115 1077 117 1082 '
151 1094 206 1141 cns
230 1077 344 1141 duram
368 1076 656 1142 illam'materiam
680 1075 947 1158 conformaverit,
972 1075 1179 1159 Cyclopem
1204 1074 1323 1162 dieo¹).

238 1182 317 1249 Cum
353 1182 439 1248 enim
472 1183 559 1264 apud
589 1183 766 1248 Homerum
797 1183 828 1269 (ι
853 1181 1047 1268 216-460)
1082 1183 1180 1265 louge
1213 1182 1376 1265 plurimae

149 1309 201 1354 res
233 1287 324 1360 intra
355 1307 488 1371 specum
517 1288 712 1372 Polyphemi
745 1295 901 1372 agantur,
935 1288 1113 1371 Euripides
1144 1291 1274 1355 easdem
1306 1288 1376 1354 fere

148 1415 200 1462 res
230 1400 311 1462 ante
338 1415 470 1478 specum
500 1396 616 1478 peragi
648 1395 740 1462 facit.
787 1395 838 1462 Ne
868 1396 972 1479 igitur
1002 1395 1118 1464 Ulixes
1148 1397 1206 1462 ubi
1235 1396 1376 1478 primum

148 1502 298 1584 advenit,
326 1502 362 1568 iu
385 1522 517 1585 specum
541 1503 648 1585 ipsum
672 1502 829 1585 introeat,
858 1502 916 1568 uhi
940 1502 1132 1586 Polyphemi
1155 1503 1297 1570 reditum
1321 1523 1376 1569 ex-

148 1616 284 1692 spectet,
309 1609 405 1675 initio
430 1608 565 1675 fabulae
589 1609 662 1691 ipso
685 1609 814 1676 Silenus
838 1609 873 1674 in
896 1629 1048 1675 scaenam
1071 1609 1229 1692 procedit.
1268 1610 1377 1690 Atque

148 1735 218 1782 cum
253 1715 328 1781 fieri
359 1735 423 1781 non
453 1720 565 1798 posset
595 1716 674 1796 quin
701 1721 904 1798 spectatores
935 1717 974 1781 de
1002 1718 1100 1782 rebus
1129 1716 1218 1782 intra
1245 1736 1376 1799 specum

147 1823 252 1906 gestis
283 1823 440 1890 certiores
470 1821 599 1904 fierent,
635 1823 856 1907 Polyphemus
886 1842 1019 1904 specum
1049 1843 1129 1891 saxo
1161 1824 1290 1907 operire
1320 1843 1376 1889 ne-

148 1931 268 2013 glexit,
302 1948 366 2011 quo
398 1931 492 1996 modo
525 1929 617 1996 Ulixi
652 1930 743 1996 foras
773 1929 907 2011 prodire
939 1936 1038 2012 atque
1069 1949 1181 1996 necem
1214 1930 1376 1997 sociorum

147 2038 209 2104 hue
231 2038 425 2104 renuntiare
447 2037 563 2104 liceret
573 2035 608 2122 ²).
648 2037 712 2104 Sed
734 2038 797 2103 hac
820 2037 928 2103 vitata
947 2037 1115 2122 Charybdi
1137 2044 1236 2120 poeta
1259 2037 1377 2104 incidit

147 2145 182 2210 in
204 2145 368 2230 ScyUam3
400 2163 477 2210 nam
500 2145 558 2212 vix
586 2148 696 2226 potest
719 2145 808 2209 credi
832 2145 965 2211 Ulixem
993 2150 1166 2226 postquam
1194 2164 1292 2226 specu
1321 2145 1376 2210 de-

148 2253 263 2334 cessit,
299 2259 375 2318 ante
411 2271 483 2318 eum
517 2271 703 2332 remanere;
743 2270 827 2331 qnae
858 2271 912 2318 res
945 2271 986 2317 ne
1018 2250 1070 2317 his
1103 2250 1232 2332 quidem
1264 2251 1376 2318 verbis

148 2360 273 2442 corrigi
307 2365 430 2443 potest,
466 2359 584 2441 quihus
619 2378 677 2424 cur
712 2359 857 2441 effugere
891 2358 1136 2441 praetermittat
1170 2358 1286 2427 Ulixes
1319 2378 1375 2424 ex-

148 2486 264 2534 cusare
287 2473 423 2534 conetur
447 2465 490 2552 (v.
508 2466 692 2551 478-82):

523 2587 580 2675 s'yu*
607 2588 669 2679 γὰρ
693 2587 817 2679 ἄνδρας
840 2587 1014 2656 α’πολιπών
1038 2590 1157 2680 φίλους

309 2697 386 2776 τοίς
409 2695 503 2765 ε”νδον
526 2695 624 2774 ὄντας
647 2694 687 2765 οὗ
709 2695 810 2782 μόνος
833 2696 1043 2786 σωθήσομαι.

309 2805 417 2872 καίτοι
440 2803 575 2894 φύγοιμ’
597 2801 648 2883 ἄν,
672 2803 842 2894 κάκβέβηκ’
865 2802 987 2894 ἄντρου
1010 2809 1141 2889 μυχῶν·

309 2910 389 2978 a'tt’
413 2911 457 2980 οὐ
480 2912 635 2980 δίκαιον
659 2910 891 2979 o‘moicmivu’
915 2909 1033 2996 ἐμοὺς
1056 2911 1213 3001 φίλους,

309 3017 377 3105 ξὺν
401 3013 543 3109 οἷσπερ
567 3013 689 3109 ἦλθον
713 3022 846 3108 δεῦρο,
872 3023 1051 3108 σωθῆναι
1074 3019 1213 3104 μόνον,

148 3166 253 3228 neque
288 3147 374 3212 euim
409 3147 582 3228 quicquam
612 3154 685 3214 erat
714 3145 945 3229 impedimento
983 3165 1023 3211 ne
1053 3144 1136 3212 socii
1166 3145 1232 3228 ipsi
1263 3147 1375 3212 eodem

147 3257 242 3322 modo
266 3259 366 3336 atque
388 3254 505 3324 Ulixes
518 3274 547 3354 'e
570 3273 669 3336 specu
692 3255 915 3336 procederent.

237 3504 357 3571 Restat
392 3510 429 3570 ut
463 3523 547 3584 quae
577 3505 616 3570 de
645 3504 773 3570 Rheso
806 3504 921 3570 fabula
947 3504 1122 3570 statuenda
1150 3510 1226 3569 sunt
1260 3504 1375 3585 paneis

149 3612 318 3695 explicem.
367 3611 511 3678 Etiamsi
532 3613 617 3678 hano
642 3611 788 3678 fabulam
816 3610 988 3694 Euripidis
1012 3631 1083 3678 esse
1106 3613 1290 3694 negandum
1315 3617 1374 3692 est,

148 3727 259 3786 tamen
288 3724 418 3801 poetam
446 3719 503 3800 qni
525 3719 668 3785 Rhesum
697 3719 879 3801 composuit
906 3719 1012 3786 amius
1043 3718 1204 3801 pressisse
1232 3718 1375 3801 vestigia

149 3825 322 3908 Euripidis
345 3844 442 3906 quam
467 3826 624 3910 Aeschyli
647 3826 701 3892 vel
724 3826 895 3908 Sophoclis
919 3823 1094 3912 constatl).

242 3931 341 4000 cuius
366 3933 500 4000 fabulae
522 3933 684 3999 actionem
700 3933 753 3999 vel
777 3933 812 3998 in
835 3933 1010 4000 nonnullas
1033 3934 1132 4000 horas
1156 3952 1375 4015 compressam

150 4061 221 4108 esse
246 4061 285 4106 cx
309 4041 421 4108 verbis
444 4060 657 4122 personarum
681 4041 764 4122 ipsis
788 4041 902 4106 elucet.

241 4325 586 4395 hfflffimmpffi

242 4417 262 4486 ²)
282 4415 324 4470 Oi.
344 4415 488 4486 Hartuug‚
507 4417 573 4473 Eur.
587 4415 697 4484 Werlrc,
717 4415 818 4486 grieoh.
838 4417 890 4470 mit
908 4421 986 4470 metr.
1007 4401 1101 4470 libers.
1122 4416 1174 4470 vol.
1188 4415 1238 4469 XV
1258 4431 1282 4482 p.
1298 4415 1338 4470 15.

239 4505 322 4574 'issi
341 4504 472 4574 Rolhnm‚
496 4505 542 4561 the
561 4505 689 4577 Tragedy
709 4505 815 4561 Rhesus
842 4505 979 4576 (Harvard
999 4505 1108 4560 Studies
1127 4505 1156 4559 in
1176 4505 1261 4561 Closs.
1276 4502 1374 4558 Philol.
1425 4525 1430 4535 ·

150 4593 188 4648 lV
208 4610 232 4662 p.
245 4595 299 4664 m).

204 4751 325 4808 narsen,
342 4754 435 4808 aarum
450 4755 565 4798 cremam
580 4753 699 4798 molen
714 4755 806 4808 tregru
822 4789 827 4798 .
843 4788 867 4798 ..
1252 4738 1269 4791 6
