3462 5312
939 412 1002 475 166

356 629 545 710 Eupolidem
569 625 703 692 Persius
728 625 743 690 Ι
770 627 843 706 124,
869 625 1026 690 Pieridum
1050 623 1168 688 Iliadis
1188 621 1330 686 Latinae
1354 627 1469 686 auctor
1487 621 1579 702 1067,

357 736 565 801 endromidem
601 733 769 800 Iuvenalis
808 732 861 797 ΙΙΙ
903 732 974 797 103.
1037 732 1076 796 In
1122 730 1187 795 fine
1232 735 1341 794 autern
1387 728 1582 809 pentametri

360 841 528 908 Martialis
552 841 598 906 IV
625 841 714 922 19,4
746 845 778 904 et
801 839 881 906 XIV
908 839 985 920 126,
1012 839 1031 902 2
1065 839 1226 904 Graecam
1256 835 1396 902 formam
1424 835 1583 917 praetulit

361 951 545 1016 eadrmaido
556 947 589 1033 1).

443 1055 593 1135 Denique
631 1056 781 1119 tractabo
818 1052 998 1134 nominum,
1038 1069 1174 1132 quorum
1209 1050 1431 1117 nominativus
1470 1049 1506 1114 in
1541 1052 1583 1114 -is

355 1163 438 1244 exit,
471 1163 610 1228 alteram
639 1161 822 1227 accusativi
852 1161 1005 1241 10110001,
1038 1179 1121 1240 quae
1145 1158 1348 1224 nominativo
1380 1155 1582 1242 syllabarum

356 1289 488 1336 numero
513 1289 574 1350 par
598 1275 656 1334 est.
705 1269 797 1334 Haec
821 1268 908 1350 apud
932 1269 1078 1334 Graecos
1102 1266 1137 1331 in
1161 1268 1224 1348 -io,
1250 1265 1336 1347 apud
1360 1265 1526 1330 Romanos
1549 1263 1583 1328 10

354 1380 413 1443 -im
442 1376 573 1442 desinit.
622 1377 784 1442 Graecam
815 1374 1079 1440 terminationem
1111 1374 1151 1438 31
1177 1371 1310 1439 nomina
1338 1371 1488 1438 8610010
1516 1390 1584 1436 001-

355 1490 525 1566 10101001,
551 1483 705 1549 Latinam
729 1481 1163 1564 00000000100190010100
1187 1479 1337 1546 5310010.
1370 1479 1419 1544 Αο
1443 1478 1583 1560 primurn

357 1590 487 1671 quidem
512 1589 661 1655 3610010
685 1588 811 1656 vocalis
836 1589 1011 1668 insequens
1034 1587 1234 1670 postulabat,
1259 1593 1296 1653 ut
1319 1587 1449 1654 Graeca
1473 1585 1584 1650 termi-

354 1698 445 1764 natio
461 1699 511 1762 -ia
534 1696 746 1762 adhiberetur
788 1695 900 1775 Neque
920 1695 1038 1760 mirum
1063 1701 1113 1759 001
1133 1695 1269 1760 eundem
1293 1698 1424 1775 poetam
1440 1693 1585 1758 eiusdem

355 1805 498 1870 00101010
522 1805 634 1870 eadem
667 1804 774 1869 forma
802 1803 902 1868 etiarn
931 1802 974 1866 iis
1002 1802 1083 1868 locis
1112 1819 1205 1867 usum
1229 1820 1314 1881 0000,
1346 1800 1464 1880 quibus
1488 1799 1584 1864 metri

354 1912 441 1977 ratio
472 1895 623 1977 habenda
646 1929 710 1976 non
735 1915 815 1976 erat.
863 1910 970 1976 Huius
995 1909 1042 1974 rei
1067 1909 1250 1990 exemplum
1281 1911 1419 1990 praebet
1447 1907 1585 1973 Germa-

354 2019 458 2101 nicus,
484 2018 539 2099 qui
563 2019 598 2084 in
621 2019 922 2084 Phaenomenorum
946 2035 1044 2083 versu
1068 2017 1149 2082 360:

562 2131 669 2191 auster
687 2126 808 2207 pristin
831 2125 904 2209 opit.
942 2125 1003 2190 duo
1026 2125 1134 2190 sidero
1153 2123 1283 2209 percepit
1307 2143 1405 2187 ronam

357 2233 506 2298 elisionis
531 2233 705 2298 evitandae
735 2251 835 2298 causa
859 2232 1022 2298 Graecam
1046 2230 1185 2296 formam
1214 2230 1371 2296 adhibere
1395 2231 1583 2312 cogebatur,

357 2359 453 2420 quam
477 2345 652 2421 propterea
675 2339 774 2404 etiarn
799 2338 833 2402 in
857 2357 955 2404 versu
979 2337 1127 2418 sequenti
1152 2336 1317 2404 servavit:

561 2467 695 2529 oleraque
719 2447 803 2512 ories
826 2468 925 2530 supro
944 2447 1064 2528 pristin
1083 2447 1247 2529 piscesque
1261 2447 1418 2528 serentur

357 2573 460 2634 neque
484 2553 518 2617 in
542 2572 639 2618 versu
662 2554 725 2618 381
751 2553 901 2619 mutavit.

446 2661 571 2726 Eadem
605 2661 643 2725 de
677 2679 777 2726 causa
800 2659 926 2726 Statius
955 2661 1180 2726 accusativum
1212 2656 1374 2738 Gbromiu,
1409 2677 1473 2739 qno
1502 2659 1585 2724 The-

357 2768 466 2833 baidis
491 2773 645 2847 quattuor
661 2767 743 2834 locis
768 2773 845 2833 ante
861 2766 1008 2833 vocalem
1033 2785 1114 2848 opus
1131 2775 1212 2847 erat,
1238 2766 1333 2832 unico
1349 2765 1421 2832 loco
1446 2766 1492 2833 IV
1510 2766 1584 2843 597,

357 2895 419 2956 quo
444 2893 626 2940 consonans
651 2875 807 2956 sequitur,
832 2880 959 2940 tutatus
983 2881 1041 2940 est.

446 2981 573 3048 Deinde
603 3000 696 3046 00100
726 2982 862 3063 negabit
892 2981 1074 3063 exemplum
1106 2981 1281 3046 1001101010
1311 2980 1583 3060 00000011101010,

357 3091 413 3170 qui
443 3089 540 3154 metri
571 3109 671 3155 causa
702 3089 829 3156 Graece
860 3088 1018 3154 declinati
1049 3095 1158 3170 erant,
1194 3088 1263 3154 alia
1294 3107 1421 3168 quoque
1453 3087 1585 3152 nomina

358 3197 501 3263 eiusdem
536 3196 668 3278 generis
703 3203 816 3262 secuta
852 3215 931 3262 esse.
990 3198 1082 3280 Quod
1119 3197 1244 3262 iactum
1280 3213 1350 3261 esse
1386 3194 1518 3261 videtur
1553 3193 1585 3258 in

357 3303 444 3370 Stati
467 3303 644 3384 Tbcbaide,
670 3323 732 3384 quo
757 3303 791 3368 in
816 3303 961 3368 00110100
987 3304 1029 3369 20
1053 3302 1236 3370 0000001101
1261 3321 1320 3384 per
1342 3303 1393 3368 -im
1416 3301 1585 3366 terminati

357 3417 499 3491 exstant,
525 3429 660 3491 quorum
686 3413 727 3476 12
751 3411 848 3476 100111
872 3410 1069 3477 necessitate
1093 3417 1169 3475 sunt
1184 3409 1354 3492 postulati,
1380 3411 1399 3474 8
1424 3429 1485 3490 per
1507 3429 1585 3474 ana-

357 3517 481 3600 logiam
506 3517 672 3583 declinati.
719 3518 792 3583 Hac
816 3519 902 3584 Stati
932 3517 1166 3584 consuetudine
1191 3527 1369 3584 commotus
1393 3524 1471 3598 puto
1496 3517 1585 3583 etin

358 3625 456 3707 primi
475 3624 554 3690 libri
578 3645 676 3691 versu
694 3626 766 3708 718,
792 3626 848 3691 ubi
864 3625 1091 3692 Kohlmannus
1115 3624 1251 3706 scripsit
1269 3620 1398 3704 Osirim,
1424 3625 1583 3690 Graecam

360 3734 498 3798 formam
525 3729 636 3799 001110
666 3733 916 3814 praeferendam
946 3752 1031 3813 esse,
1064 3751 1160 3812 quarn
1192 3731 1370 3798 0011100οω
1402 3737 1435 3796 01
1457 3737 1584 3796 veteres

358 3839 520 3906 editiones
549 3842 684 3906 tradunt
694 3838 728 3924 ²).
776 3840 860 3906 Nam
891 3847 1030 3922 apparat
1058 3839 1215 3906 librarios
1238 3857 1335 3919 quarn
1365 3837 1526 3904 facillime
1554 3844 1584 3902 et

357 3950 407 4014 -o'a
431 3947 617 4028 corrupisse
639 3947 674 4012 in
698 3949 756 4012 -o'm
781 3956 814 4013 et
829 3948 1063 4030 compendium,
1089 3966 1151 4027 quo
1177 3949 1218 4012 ira
1243 3946 1296 4013 vel
1320 3948 1354 4011 10
1377 3942 1583 4021 indicaturb,

360 4055 446 4120 falso
477 4054 703 4136 rescripsisse,
735 4054 827 4120 cuius
858 4056 906 4120 rei
938 4063 970 4119 01
1001 4054 1088 4120 01100
1119 4054 1367 4120 terminationes
1398 4052 1582 4119 testimonio

358 4162 473 4228 afferri
497 4169 641 4243 possunt.

361 4291 540 4298 —.-------
562 4292 570 4297 -

451 4341 469 4409 ¹)
490 4341 532 4396 (rs,
552 4339 677 4395 adnotat.
698 4339 956 4394 Friedlaenderi
975 4356 999 4408 p.
1020 4340 1062 4394 32.

448 4431 468 4497 ⁹)
490 4429 662 4483 Klotzium
681 4445 786 4496 quoque
799 4432 827 4483 in
841 4429 969 4496 editione,
988 4444 1070 4496 quam
1083 4433 1180 4497 postea
1193 4429 1317 4495 cognovi,
1337 4425 1407 4480 idern
1421 4427 1582 4481 arbitratum

358 4521 492 4572 (11000001
513 4521 699 4573 accusativum
720 4518 813 4574 Osirin
831 4521 860 4572 10
879 4523 986 4572 textum
1005 4520 1140 4585 recepisse
1159 4533 1213 4571 non
1234 4518 1292 4570 sine
1312 4516 1413 4586 gaudio
1433 4515 1498 4572 vidi.

447 4610 468 4676 ³)
489 4609 668 4663 Sniehotta
688 4608 741 4664 10.
761 4625 785 4676 p.
800 4610 833 4662 27
854 4609 946 4663 adnot.
962 4611 978 4661 2
998 4614 1026 4662 et
1044 4623 1069 4675 p.
1086 4609 1128 4662 ab.
