3442 5324
739 421 782 487 55

362 631 403 710 ὃς
426 631 471 722 δὴ
495 635 686 717 ξενωθεὶς
709 632 833 701 τοῖσδ’
856 633 896 701 ἐν
919 631 1108 722 Ἀδμήτου
1131 632 1271 719 δόμοις

361 742 429 830 βίᾳ
451 747 616 827 γυναῖκα
638 740 753 832 τήνδε
777 739 806 810 c‘
829 739 1095 830 ἐξαιρήσεται.

238 869 347 948 Atque
371 869 457 949 quod
480 867 514 933 in
537 868 757 952 Hippolyto
780 869 891 936 Venus
915 887 950 934 se
973 869 1035 935 hoc
1058 868 1111 934 die
1135 868 1376 934 adulescentem

147 975 241 1041 illum
272 975 414 1041 ulturum
445 995 516 1042 esse
546 975 673 1041 minata
695 981 769 1042 erat
799 975 842 1062 (v.
861 973 1020 1059 21-22),
1051 975 1147 1055 quasi
1177 977 1258 1041 deae
1286 975 1377 1042 iussu

147 1101 259 1148 omnes
283 1102 336 1148 res
360 1083 490 1164 incepto
520 1081 611 1148 illius
637 1082 802 1164 faventes,
831 1083 923 1150 velut
945 1082 1071 1148 reditus
1094 1081 1212 1149 Thesei
1238 1081 1281 1168 (v.
1300 1081 1377 1166 790)

146 1197 179 1254 et
202 1189 380 1274 Hippolyti
404 1189 567 1272 exsilium,
591 1189 628 1255 in
650 1190 736 1255 hunc
759 1188 845 1256 diem
869 1195 1075 1256 concurrunt.

236 1296 300 1363 Sed
323 1303 360 1363 ut
381 1296 560 1379 Euripides
584 1297 748 1363 interdum
771 1297 823 1364 dis
847 1295 930 1379 ipsis
954 1297 1144 1362 auctoribus
1167 1296 1203 1362 id
1226 1296 1312 1379 agit,
1341 1302 1378 1362 ut

145 1402 393 1471 diversissimae
423 1423 477 1470 res
505 1403 540 1468 in
569 1423 666 1470 unum
694 1402 781 1470 diem
804 1410 1001 1486 congruant,
1033 1403 1083 1469 ita
1110 1402 1193 1469 alibi
1221 1421 1377 1470 causam

146 1509 303 1577 afferre
338 1510 455 1593 plane
485 1511 650 1592 omittit,
686 1530 754 1577 cur
790 1510 975 1593 singulae
1007 1529 1070 1576 res
1114 1529 1195 1591 quas
1226 1511 1293 1577 alio
1324 1509 1377 1576 die

144 1618 264 1700 peragi
287 1636 351 1684 non
375 1617 482 1684 minus
505 1637 567 1699 par
590 1623 663 1684 erat
686 1618 726 1684 in
749 1618 851 1684 hunc
874 1616 975 1684 diem
998 1616 1266 1685 convenerint.

236 1724 276 1790 In
308 1725 443 1792 Medea
475 1724 561 1790 enim
591 1724 722 1807 Aegeus
756 1723 843 1791 forte
876 1724 936 1791 illo
969 1724 1023 1790 die
1054 1724 1194 1807 Delphis
1225 1743 1378 1791 reversus

144 1831 337 1899 Corinthum
361 1831 505 1914 advenit,
531 1851 593 1912 quo
617 1851 680 1898 une
696 1832 831 1898 Medeae
855 1831 927 1898 illic
949 1851 1118 1898 remanere
1141 1831 1229 1898 licet.
1269 1832 1373 1916 Quam

68 1995 72 2010 .
144 1959 214 2005 rem
240 1938 437 2005 Aristoteles
460 1939 629 2021 vituperat
655 1938 840 2006 rectissime
869 1939 922 2025 (Α.
941 1939 976 2004 Ρ.
1005 1940 1127 2006 14611)
1144 1939 1203 2006 20:
1238 1935 1325 2028 ὀρθὴ
1349 1935 1379 2005 δ’

145 2043 339 2134 ἐπιτίμησις
369 2097 467 2124 ....,
502 2041 581 2112 ὅταν
612 2043 658 2133 μὴ
691 2043 832 2132 ἀνάγκης
865 2043 967 2134 οὔσης
998 2044 1108 2135 μηθὲν
1140 2042 1302 2136 χρήσηται
1331 2049 1379 2132 τῷ

144 2148 263 2238 didym,
288 2148 419 2241 ὥσπερ
444 2148 667 2241 Εὐριπίδης
692 2155 744 2237 τῷ
767 2149 900 2238 Αἰγεῖ)
926 2151 948 2238 ).

237 2259 350 2340 Neque
372 2259 609 2343 intellegimus,
641 2280 700 2326 cur
722 2260 912 2326 Hercules
940 2260 1013 2342 ipsc
1046 2279 1083 2326 ec
1113 2259 1166 2327 die
1190 2281 1231 2327 ex
1257 2260 1377 2328 inferis

146 2369 277 2433 domum
300 2369 423 2449 redeat,
448 2386 511 2448 quc
533 2368 644 2452 Lycus
660 2367 932 2453 Amphinycnem
956 2375 989 2435 et
1005 2369 1175 2452 Megaram
1199 2375 1232 2434 et
1253 2369 1377 2436 liberos

146 2474 334 2542 interlicere
357 2475 423 2541 sibi
446 2476 627 2557 proposuit.

238 2582 383 2665 Quocum
413 2581 578 2648 consentit
611 2583 697 2662 qued
728 2583 763 2648 in
800 2583 951 2650 Helena
980 2583 1105 2649 Teucer
1135 2589 1169 2649 et
1196 2583 1375 2665 Menalcae,

146 2695 321 2771 postquam
356 2689 390 2754 in
420 2689 506 2755 mari
537 2697 744 2771 erraverunt,
782 2691 893 2756 ecdem
928 2690 983 2756 die
1018 2691 1052 2756 in
1084 2690 1270 2774 Aegyptum
1301 2710 1377 2757 con-

146 2795 299 2878 veniunt,
330 2795 385 2862 hic
408 2795 511 2863 Troia
540 2802 639 2879 capta
668 2796 704 2862 in
734 2797 878 2880 patriam
907 2816 1114 2880 reversurus,
1145 2797 1204 2864 ille
1234 2799 1328 2864 domo
1357 2817 1378 2864 a

148 2907 245 2984 patre
269 2901 469 2988 expulsusl).

238 3010 351 3091 Neque
374 3009 482 3077 minus
505 3011 623 3076 mirum
647 3018 697 3077 est
725 3011 809 3092 quod
837 3012 873 3076 in
897 3011 1036 3078 Oreste
1062 3011 1177 3077 fabula
1199 3016 1292 3078 sexto
1324 3011 1377 3077 die

147 3122 224 3200 post
246 3117 519 3202 Clytaemestram
543 3118 755 3185 interfectam
779 3118 835 3205 (cl.
852 3139 884 3186 v.
902 3118 957 3204 39)
983 3125 1016 3185 et
1039 3118 1232 3203 Tyndareus
1256 3118 1377 3200 Sparta

147 3231 181 3291 et
204 3225 374 3292 Menelaus
398 3224 499 3293 'l'roia
522 3225 631 3306 Argos
654 3225 861 3293 conveniunt.

239 3331 339 3399 Cuius
377 3332 428 3398 rei
468 3332 649 3399 navitatem
684 3332 861 3414 Euripides
896 3350 1126 3413 nonnunquam
1161 3331 1379 3400 comminuere

148 3439 283 3505 studuit.
330 3439 382 3506 Ne
412 3439 497 3505 enim
526 3440 612 3505 forte
635 3438 815 3522 accideret,
847 3446 884 3506 ut
907 3439 941 3506 in
965 3439 1238 3506 Andromacha
1260 3440 1378 3507 Peleus

240 3725 259 3792 ¹)
279 3723 320 3778 Cf.
341 3723 524 3792 Wecklinum,
544 3723 609 3780 llnr.
629 3723 699 3781 Med.
718 3740 744 3793 p.
760 3724 801 3780 lt.
827 3755 860 3763 -
884 3722 1081 3791 Wilamowitz‚
1100 3722 1207 3780 Griech.
1220 3723 1377 3794 Tragddien

150 3813 193 3868 111
212 3829 237 3882 p.
253 3813 303 3868 lat
323 3814 450 3883 (procem.
466 3813 559 3882 Med.):
579 3813 639 3883 „Es
657 3814 694 3869 ist
711 3813 783 3868 dirce
803 3813 893 3879 Sam,
912 3813 957 3868 die
974 3813 1089 3868 Aristar.
1108 3813 1227 3884 petcdelt
1245 3813 1301 3881 luat,
1320 3814 1378 3869 und

149 3903 218 3958 clim
236 3901 330 3973 Frage
351 3903 452 3958 aeltrreit
471 3903 518 3958 der
537 3901 632 3958 Rettrr
654 3903 710 3972 auf
724 3902 897 3958 Kaumana
916 3901 961 3957 das
981 3901 1108 3957 Didtterr
1130 3919 1165 3956 τιι
1178 3903 1308 3970 pldtrla'rlt
1326 3901 1382 3972 cus

149 3992 193 4046 dic
205 3991 311 4046 Ballene.
342 3991 404 4046 Wir
415 3997 522 4047 musaea
541 4007 568 4047 ee
586 4007 668 4062 repar
685 3991 851 4057 hinneltmcn,
871 3991 936 4046 dces
954 3991 998 4046 die
1010 3990 1196 4046 Laudemusne
1212 4007 1265 4046 cca
1278 3990 1379 4061 Delphi

148 4081 219 4136 nara
241 4079 344 4136 Ττοτιιι
361 4098 400 4137 aa
417 4081 477 4136 dem
495 4080 719 4151 Krim'peecltlocec
736 4080 872 4136 Korinlls
890 4079 1108 4149 analafum&

239 4171 260 4240 ¹)
280 4171 355 4239 Quae
373 4186 417 4226 res
436 4171 594 4242 Hartungio
617 4170 684 4225 adeo
703 4186 758 4225 non
777 4172 834 4224 veri
853 4169 951 4224 similis
970 4168 1115 4224 videbatur
1134 4184 1206 4238 esse,
1224 4173 1258 4224 ut
1276 4169 1380 4225 diceret

150 4260 316 4330 (penpinas
330 4261 446 4329 uerene,
471 4259 572 4331 graecu.
592 4262 644 4314 mc
666 4265 744 4317 matr.
764 4246 915 4328 deenen,
938 4275 963 4328 p.
977 4259 1020 4328 ep
1047 4257 1205 4328 ,aaran
1227 4258 1287 4313 aaa
1305 4258 1377 4328 naf-

150 4355 234 4406 aaran
252 4351 298 4406 aa
320 4349 439 4406 Teulrroa
461 4350 519 4406 aad
542 4350 591 4405 der
608 4349 738 4418 Aulunft
760 4349 807 4404 des
825 4349 967 4404 Mauricos
989 4353 1098 4403 masten
1115 4347 1167 4402 wir
1188 4363 1242 4403 aare
1260 4348 1318 4402 eina
1334 4363 1377 4419 pe-

150 4456 244 4496 rcunte
267 4439 329 4495 Zeit
355 4439 518 4496 castricium
544 4439 658 4507 datlen,
689 4455 766 4495 wcna
791 4440 861 4493 curli
888 4437 1030 4494 imantia
1055 4437 1100 4492 dic
1122 4437 1307 4493 Ataaaueit
1332 4437 1379 4493 dcc

151 4529 258 4600 Kdnipa
279 4530 336 4598 auf
350 4529 398 4584 der
415 4529 492 4600 Japd
514 4528 588 4584 bride
606 4529 702 4583 Zeiten
725 4529 780 4598 auf
794 4528 844 4582 den
865 4527 956 4582 Εαιιιιι
979 4527 1051 4583 einer
1072 4527 1157 4598 Tapae
1177 4542 1375 4582 mmmmm

150 4619 241 4676 mua
259 4618 386 4676 idaim.
