3522 5310
938 285 978 349 18
1032 376 1064 382 -„

369 478 428 543 der
452 479 647 564 Protagoras
672 481 723 560 ist,
749 478 889 544 namlich
915 480 975 545 auf
996 479 1055 544 das
1081 479 1277 565 Symposion
1303 480 1362 544 des
1387 479 1541 544 antisthe-

371 586 509 650 nischen
537 587 774 673 Protreptikos.
829 588 892 651 Die
924 594 1066 656 συνουσία
1095 587 1154 650 des
1183 586 1412 672 tibermiitigen
1445 587 1545 674 plato·

370 693 509 758 nischeu
545 693 694 779 Dialogs,
730 695 783 759 die
818 694 867 759 als
895 701 1049 786 συνῶριον
1081 693 1264 779 arrangiert
1299 693 1389 776 wird,
1424 693 1545 758 enthttlt
1578 765 1581 772 ,

371 800 520 866 satirisch
550 801 709 866 verdeokt
735 802 795 866 das
820 801 1017 888 Symposion
1042 801 1101 865 der
1125 800 1299 888 Sophisteu
1331 800 1385 866 bei
1409 800 1544 880 Kallias,

371 907 423 972 die
450 908 532 974 nach
558 909 762 996 Xenophons
792 909 1064 974 ausdrticldicher
1087 909 1226 995 Angahe
1251 909 1466 974 Antisthenes
1492 909 1544 973 bei

371 1015 495 1080 diesem
520 1015 708 1102 eingeftihrt
730 1017 793 1081 hat.
841 1018 910 1081 Der
934 1039 1023 1081 arme
1049 1015 1207 1101 Cyniher!
1261 1017 1308 1080 Er
1331 1018 1450 1081 meinte
1475 1016 1545 1080 sich

369 1122 491 1207 gerade
508 1124 569 1188 auf
578 1124 642 1188 den
654 1125 809 1209 Umgang
821 1126 878 1188 mit
892 1123 1071 1188 Menschen
1086 1124 1154 1189 und
1177 1123 1410 1188 ausdrticlrlich
1423 1123 1545 1209 gerade

369 1229 435 1294 auf·
450 1231 502 1295 die
528 1230 743 1316 Geselliglreit
758 1231 845 1295 beim
863 1231 1060 1317 Symposion
1084 1255 1125 1294 zu
1150 1230 1334 1312 verstehen,
1360 1255 1395 1294 er
1419 1253 1485 1296 war
1509 1253 1546 1296 so

370 1337 451 1403 stolz
468 1337 527 1402 auf
540 1341 631 1402 seina
648 1336 792 1424 Bildung
808 1338 875 1403 und
898 1341 1018 1403 meinte
1036 1361 1073 1402 so
1091 1339 1183 1402 recht
1199 1341 1252 1403 ein
1267 1339 1348 1403 Fest
1365 1339 1423 1402 der
1439 1337 1545 1402 Edlen

369 1468 410 1508 nu
444 1443 563 1530 geben,
601 1469 696 1510 wenn
732 1469 767 1511 er
797 1449 844 1512 sie
874 1455 950 1510 statt
978 1446 1037 1510 der
1069 1456 1162 1510 teuer
1197 1444 1368 1510 erkauften
1396 1443 1544 1510 fremden

370 1550 528 1616 Stimmen
562 1552 620 1617 der
647 1552 988 1639 Fletenspielerinnen
1018 1551 1121 1616 lieber
1156 1555 1214 1616 mit
1250 1554 1389 1637 eigenen
1419 1552 1543 1617 Mitteln

370 1660 443 1724 eine
467 1657 685 1724 litterarisohe
708 1658 953 1745 Unterhaltung
975 1659 1106 1745 pflegen
1131 1659 1220 1724 liess.
1276 1659 1351 1725 llnd
1380 1683 1446 1723 nun
1472 1670 1545 1743 sagt

370 1767 436 1830 ihm
462 1765 562 1848 Plat0,
588 1766 665 1830 dass
690 1767 748 1830 der
770 1766 883 1832 Prunk
907 1767 965 1830 mit
981 1766 1242 1832 Dichtereitaten
1266 1767 1350 1831 eben
1375 1765 1459 1831 auch
1483 1789 1544 1830 nur

370 1876 423 1937 ein
447 1872 657 1938 Schmticlren
685 1876 744 1938 mit
769 1873 917 1939 fremden
947 1873 1076 1938 Pedem
1106 1874 1173 1939 und
1202 1876 1275 1938 eino
1304 1873 1545 1959 Unterhaltung

369 1978 422 2045 fur
439 1982 605 2047 Parvenus
624 1982 681 2065 sei,
707 1983 774 2046 und
791 1981 850 2047 der
865 1982 946 2047 hb'se
964 1983 1109 2046 Kritiker
1126 1981 1255 2067 schlttgt
1278 2005 1314 2047 so
1332 1981 1544 2046 Antisthenes

368 2089 491 2174 gerade
508 2091 567 2153 mit
582 2090 697 2154 seiueu
709 2090 869 2156 Waffeu.“
903 2090 967 2156 Sed
986 2090 1105 2155 iudicio
1118 2099 1329 2176 praesumpto
1342 2090 1543 2154 ratiocinatio

369 2196 456 2262 facta
480 2197 678 2283 Protagorae
701 2197 830 2283 dialogo
854 2207 972 2262 tectam
998 2197 1136 2262 subesse
1161 2197 1434 2282 significationem
1452 2197 1544 2261 Anti-

370 2305 497 2370 sthenis
530 2307 672 2371 convivii
701 2329 767 2370 non
795 2308 899 2390 magis
932 2318 982 2369 est
1010 2329 1089 2370 vera
1113 2329 1210 2393 quarn
1236 2305 1443 2370 Antisthenis
1469 2327 1544 2369 oon-

370 2414 491 2478 vivium
515 2415 633 2498 ipsum,
659 2414 692 2476 id
717 2413 803 2501 quod
827 2436 914 2478 nunc
940 2413 1246 2478 demonstrabimus.

476 2520 521 2584 Ut
549 2519 738 2584 Duemmler
768 2519 914 2585 Platonis
944 2520 1046 2585 verba
1080 2528 1231 2612 συμπόσια
1257 2535 1318 2588 τῶν
1347 2525 1470 2614 φαύλων
1494 2526 1546 2588 καὶ

370 2631 523 2719 ἀγοραίων
546 2627 589 2691 ad
612 2626 841 2714 Xenophontis
859 2626 1054 2692 Convivium
1081 2637 1113 2692 et
1135 2635 1171 2696 τὸ
1187 2634 1253 2719 περὶ
1272 2635 1421 2713 ποιήσεως
1442 2634 1545 2697 διαλέ-

369 2739 481 2823 γεσθαι
504 2735 545 2798 ad
570 2735 774 2800 Antisthenis
790 2734 970 2800 Herculem
995 2735 1125 2813 rettulit,
1155 2737 1200 2799 ita
1222 2734 1348 2800 Joettus
1373 2745 1545 2819 utrumque

369 2841 411 2906 ad
436 2841 640 2906 Antisthenis
666 2839 870 2907 Convivium.
919 2841 985 2907 Sed
999 2841 1051 2905 vel
1075 2841 1136 2906 hac
1162 2865 1204 2906 ox,
1226 2864 1261 2905 re
1285 2842 1387 2928 liquet
1402 2841 1546 2908 Joelium

369 2947 513 3012 Platonis
537 2947 645 3013 locum
668 2972 839 3036 perperam
863 2947 1074 3014 intellexisse.

459 3055 502 3120 Ut
526 3055 694 3121 Platonem
719 3057 917 3175 Protagora
921 3054 1049 3141 dialogo
1067 3056 1171 3122 celato
1189 3058 1318 3121 nomine
1336 3056 1543 3121 Antisthenis

370 3160 566 3227 Convivium
607 3165 799 3250 impugnare
833 3125 917 3228 falso
954 3163 1018 3228 dici
1053 3161 1291 3249 intellegamus,
1332 3166 1545 3249 inspiciamus

370 3269 501 3336 locum
492 3292 599 3356 ipsum
617 3292 756 3335 necesse
770 3281 828 3335 est.
855 3271 917 3334 Hic
932 3270 973 3335 de
990 3294 1082 3358 poesi
1075 3269 1299 3358 colloquia
1316 3281 1545 3357 comparantur

370 3400 443 3440 cum
457 3379 654 3441 conviviis
668 3400 779 3443 eorum
793 3381 848 3466 qui
862 3381 966 3443 omnis
981 3377 1087 3442 cultus
1105 3377 1379 3463 humanitatisque
1393 3388 1544 3465 expertes

370 3495 455 3564 sunt,
491 3507 574 3571 quos
603 3486 701 3550 tibiae
737 3485 901 3551 delectant
934 3507 1038 3572 aeque
1074 3495 1171 3572 atque
1206 3483 1279 3551 illos
1315 3488 1371 3570 qui
1402 3486 1443 3550 de
1477 3487 1544 3550 suis

368 3595 513 3678 ipsorum
532 3595 701 3659 sententiis
726 3592 867 3679 colloqui
889 3615 951 3658 non
976 3603 1125 3678 possunt,
1150 3601 1265 3678 poetae
1282 3591 1456 3676 oblectant,
1480 3615 1545 3658 non

369 3721 406 3762 se
430 3702 501 3786 ipsi.
549 3702 801 3786 Distinguuntur
821 3702 918 3787 igitur
934 3702 995 3764 trio
1010 3722 1133 3786 genera
1150 3711 1379 3782 conventuum,
1406 3702 1544 3786 primum

370 3804 489 3892 quibus
529 3809 583 3894 qui
622 3811 785 3872 intersunt
819 3808 860 3872 de
899 3811 1044 3894 ipsorum
1089 3809 1259 3873 sententiis
1307 3806 1543 3894 colloquuntur,

371 3912 488 3978 deinde
507 3915 548 3979 de
565 3914 712 3997 aliorum,
730 3915 762 3979 id
779 3925 830 3980 est
846 3915 886 3979 de
903 3917 1005 4002 poesi,
1021 3926 1089 3980 tum
1107 3917 1162 4001 qui
1186 3925 1319 4002 propter
1331 3917 1544 4000 ignorantiam

369 4044 411 4085 ne
435 4021 476 4086 de
500 4025 604 4109 poetis
637 4022 768 4108 quidem
797 4023 974 4104 disserunt,
1010 4022 1068 4087 sed
1099 4024 1333 4088 convenientes
1358 4023 1543 4087 convivium

369 4129 493 4193 faciunt
516 4130 547 4193 in
574 4152 638 4217 quo
662 4129 815 4194 tibicinae
833 4151 890 4194 eos
912 4129 1085 4195 delectant.
1122 4129 1236 4216 Itaque
1261 4152 1422 4216 nusquam
1440 4132 1545 4216 agitur

370 4236 410 4300 de
442 4239 624 4302 convivio
656 4240 692 4301 in
726 4260 800 4323 quo
837 4240 1100 4301 convivantes
1137 4236 1182 4301 de
1218 4239 1330 4324 poesi
1366 4239 1467 4302 inter
1502 4259 1544 4300 se

371 4343 662 4432 colloquuntur.
710 4345 838 4410 doelius
863 4354 970 4409 autern
996 4347 1104 4409 omnia
1128 4367 1223 4410 suum
1247 4347 1279 4408 in
1304 4367 1399 4409 usum
1417 4345 1546 4409 consuit

370 4463 402 4515 et
434 4454 674 4517 contaminavit.
722 4453 811 4532 Quid
846 4474 924 4536 ergo
956 4452 1019 4516 hoc
1055 4451 1094 4516 de
1131 4452 1201 4517 loeo
1231 4451 1439 4517 statuendum
1470 4449 1544 4516 est?

370 4560 436 4622 Aut
451 4560 664 4624 Antisthenes
689 4562 875 4625 convivium
892 4582 956 4624 uon
982 4562 1122 4646 scripsit,
1149 4559 1208 4624 sed
1233 4549 1396 4646 sophistas
1420 4569 1545 4624 tantum
