3452 5314
951 401 995 470 68

364 622 481 699 poetae
503 616 673 682 flexerunt.
722 616 814 701 Quod
842 637 906 683 non
929 617 1047 683 mirum
1071 623 1135 698 est,
1167 635 1239 682 cum
1262 617 1452 698 plerumque
1483 617 1585 684 dativi

365 723 492 790 Graece
515 723 593 790 flexi
614 723 746 789 Latinis
771 730 986 807 carmentes
1010 731 1068 790 aut
1091 724 1208 789 saltem
1232 723 1394 789 simillimi
1417 724 1494 789 sint.
1525 725 1586 792 Sed

364 831 485 898 Graeci
509 831 616 898 dativi
645 831 681 896 in
709 834 737 896 -l
767 837 921 898 excuntes
952 831 1111 897 differunt
1140 851 1161 897 a
1189 830 1321 896 Latinis
1352 832 1465 897 eodem
1494 833 1584 897 modo

363 938 550 1005 terminatis
566 957 719 1004 mensura
735 939 748 1002 i
764 938 898 1020 vocalis,
917 957 1001 1020 quae
1017 957 1038 1004 a
1053 937 1185 1004 Latinis
1201 937 1401 1020 producitur,
1418 939 1585 1005 aGraecis
1712 985 1713 994 .

363 1043 551 1127 corripitur.
603 1045 708 1130 Quam
740 1044 957 1125 quantitatem
988 1044 1248 1126 graecissantcm
1277 1044 1442 1110 interdum
1472 1051 1585 1127 poetae

362 1152 478 1217 Latini
500 1151 624 1218 imitati
647 1159 724 1220 sunt
734 1151 767 1240 1).
815 1152 978 1234 Exempla
1000 1152 1104 1218 affero
1128 1152 1215 1218 Stati
1238 1171 1354 1219 versus

406 1259 487 1326 silv.
512 1260 560 1325 IV
584 1261 614 1343 2,
632 1261 689 1326 28:
722 1267 749 1327 et
774 1259 868 1326 Chios
891 1267 919 1326 et
938 1261 1072 1344 plancae
1095 1261 1247 1326 certantia
1269 1259 1389 1326 Dori-cli
1411 1258 1528 1346 saaa²)

406 1367 506 1432 Theb.
532 1366 687 1434 111521:
721 1367 856 1450 Saepius
880 1369 914 1433 la
936 1367 1043 1433 dubiis
1068 1369 1196 1434 uadum
1219 1367 1332 1434 Iasoni
1355 1367 1491 1450 Mopsus
1542 1383 1548 1401 '

405 1474 487 1540 Aah.
513 1474 529 1538 I
553 1475 633 1540 285:
666 1474 800 1542 Palladi
823 1477 949 1540 litoreae
972 1474 1145 1542 celebrabat
1168 1474 1281 1559 Scyros
1304 1475 1465 1542 aaaron.

450 1581 626 1648 Nominum
643 1587 762 1663 autem,
779 1600 915 1662 quorum
930 1581 1154 1647 nominativus
1170 1581 1206 1646 in
1221 1605 1293 1658 -ευς
1308 1581 1440 1664 desinit,
1457 1581 1587 1648 dativus

361 1706 489 1770 semper
505 1690 682 1770 adoptatus
698 1687 893 1754 Latinorum
913 1688 1036 1754 rationi
1060 1688 1095 1753 in
1118 1711 1168 1754 -eo
1192 1688 1388 1754 taminatus
1405 1695 1464 1758 est.
1497 1687 1586 1771 Quae

361 1794 550 1860 terminatio
574 1794 610 1861 ln
632 1796 698 1862 fine
720 1794 904 1862 hexametri
927 1795 1038 1877 posita
1060 1814 1120 1878 per
1143 1795 1327 1880 synizesiu:

449 1901 557 1985 ‘Tydea
592 1903 692 1988 (Stat.
716 1903 816 1968 Theb.
846 1902 899 1967 III
922 1903 983 1985 84)
1039 1901 1202 1986 capharea
1238 1902 1313 1988 (Sil.
1336 1904 1376 1969 It.
1407 1903 1488 1971 XIV
1507 1901 1584 1984 143)

362 2005 509 2093 Typhoeo
533 2009 604 2096 (Sil.
622 2010 664 2075 lt.
688 2009 771 2077 XIV
789 2009 876 2095 196),

449 2117 485 2182 in
514 2117 579 2182 fine
609 2116 734 2182 senarii
764 2117 890 2182 duabus
918 2116 1059 2200 syllabis
1087 2116 1331 2198 pronuntianda
1360 2121 1426 2182 est:
1466 2116 1583 2200 Orpheo

360 2223 512 2305 (Phaedr.
539 2223 591 2289 ΙΙΙ
613 2224 696 2306 prol.
722 2223 788 2310 57).

449 2331 591 2398 Dativus
621 2331 764 2397 nominis
794 2332 902 2415 pelopi
936 2331 1084 2411 sequitur
1111 2330 1266 2396 Latinam
1298 2315 1474 2397 secundam
1504 2350 1582 2412 quae

360 2446 498 2505 vocatur
521 2439 786 2506 declinationem:
817 2440 936 2523 pelapo.

450 2565 480 2630 5.
506 2563 697 2630 Ablativum
721 2564 898 2645 nominum,
924 2582 1059 2644 quorum
1076 2563 1299 2630 nominativus
1321 2563 1356 2628 in
1381 2585 1433 2639 -ος
1456 2585 1509 2628 -ον
1531 2563 1580 2629 val

360 2694 398 2736 -α
431 2671 591 2753 excurrit,
624 2670 781 2736 Latinam
813 2670 1077 2736 terminationem
1110 2693 1144 2736 -a
1174 2670 1227 2737 vel
1258 2692 1294 2734 -a
1330 2672 1490 2752 praebere
1521 2688 1580 2735 non

360 2778 478 2844 mirum
501 2784 567 2844 est:
599 2777 721 2859 Priapo
744 2776 869 2844 Phoebo
893 2815 936 2824 -
962 2777 1076 2842 Olrrlra
1102 2777 1199 2844 Troia
1222 2775 1320 2843 Leda.

449 2887 574 2951 Eadem
604 2885 837 2951 terminatione
867 2890 1012 2966 utuntur,
1045 2903 1180 2964 quorum
1211 2885 1434 2951 nominativus
1465 2885 1501 2949 in
1529 2907 1582 2958 -ας

362 2993 446 3058 exit:
479 2993 587 3060 Borea
609 2991 709 3058 Iricla
735 2993 860 3058 Tiresia
870 2989 904 3074 ³).

448 3101 499 3164 Ea
530 3104 638 3165 autem
669 3098 802 3164 nomina
831 3099 972 3180 primam
1003 3104 1116 3164 secuta
1147 3097 1414 3180 declinationem,
1449 3117 1579 3179 quorum

359 3207 580 3274 nominativus
611 3207 646 3272 ln
669 3230 704 3292 -p
736 3206 790 3272 vel
813 3229 868 3292 -ης
898 3205 1034 3286 desinit,
1066 3205 1199 3288 saepius
1229 3205 1371 3272 ablativi
1402 3206 1526 3272 exitum
1552 3217 1581 3268 -e

358 3312 561 3397 praebent4).
610 3313 700 3397 Quae
725 3313 798 3378 ideo
822 3312 1010 3378 accuratius
1034 3319 1110 3378 sunt
1133 3312 1317 3378 tractanda.

447 3421 496 3486 Ac
532 3420 671 3502 primum
707 3419 836 3500 quidem
869 3419 1072 3486 excutiamus
1104 3439 1157 3501 ea,
1195 3437 1330 3499 quorum
1362 3419 1579 3486 nominativus

361 3529 507 3594 Graecus
530 3553 565 3615 -η
590 3527 698 3594 vocali
721 3527 844 3592 finitur.

448 3634 638 3701 Manilius
661 3633 817 3700 Latinam
834 3634 1098 3699 terminationem
1115 3633 1267 3698 adhibuit
1287 3632 1322 3698 in
1338 3634 1442 3700 Aetrra
1458 3634 1493 3700 Il
1510 3633 1579 3714 880,

359 3743 417 3808 sed
434 3743 595 3810 Graecam
611 3741 646 3807 in
661 3741 862 3808 Aarlroraecle
877 3741 906 3806 V
923 3741 987 3806 573
1001 3741 1067 3826 (AS
1083 3742 1142 3807 -da
1157 3749 1201 3807 est
1224 3740 1340 3806 L-aen
1363 3759 1447 3806 corr.
1459 3741 1577 3822 Iacob).

448 3850 562 3930 Neque
585 3848 683 3914 aliter
705 3868 758 3914 res
782 3868 827 3914 sa
841 3849 941 3914 habet
964 3847 999 3912 in
1022 3847 1220 3929 Priapeia,
1246 3847 1279 3914 in
1305 3847 1423 3928 quibus
1447 3849 1581 3932 Err‘poue

359 3957 457 4024 LXII
482 3958 502 4022 2
526 3956 675 4039 legimus.

451 4153 470 4218 ¹)
490 4151 577 4206 Neue
595 4151 633 4204 1⁸
651 4167 676 4218 p.
689 4151 749 4206 457.
771 4180 804 4188 —
825 4150 980 4204 Bednara
998 4149 1052 4205 lc.
1072 4166 1096 4218 p.
1111 4149 1163 4203 357
1184 4149 1249 4220 (45).
1271 4179 1303 4188 —
1324 4149 1354 4206 L.
1369 4149 1524 4220 Mueller,
1544 4151 1580 4203 De

358 4257 387 4296 re
406 4247 495 4310 metr,
514 4241 554 4296 ed.
568 4242 593 4309 2,
612 4257 637 4308 p.
650 4241 710 4293 496.
1064 4258 1065 4261 “

448 4332 468 4400 ¹)
489 4331 612 4398 Haupt,
632 4329 779 4397 Opuscula,
800 4330 908 4396 Lipsiae
929 4327 1171 4394 MDOCOLXXVI,
1192 4327 1234 4381 III
1255 4330 1267 4381 1
1288 4345 1313 4396 p.
1329 4329 1387 4384 129.

446 4420 468 4490 1)
488 4420 575 4474 Neue
598 4418 730 4485 Idlsqq.

447 4511 468 4578 ¹)
488 4507 669 4563 Sniehotta
688 4508 705 4563 l.
716 4523 738 4561 c.
756 4524 780 4575 p.
791 4509 832 4563 23.
854 4539 886 4546 —
906 4507 995 4561 Neue
1015 4506 1053 4560 1⁸
1071 4523 1096 4574 p.
1109 4506 1144 4560 96
1155 4521 1194 4572 sq.
1214 4535 1248 4544 -
1269 4506 1435 4562 Priscian.
1456 4507 1511 4562 VII
1527 4507 1580 4574 2,ss

357 4615 382 4667 p.
396 4600 420 4668 2,
440 4599 494 4652 290
506 4599 539 4651 K.
561 4625 593 4636 —
613 4597 817 4651 Leimeister
835 4597 852 4650 l.
868 4613 888 4652 c.
908 4613 932 4664 p.
947 4597 978 4649 12
996 4601 1025 4650 et
1045 4597 1123 4661 lbra.
1147 4625 1180 4634 -
1202 4595 1279 4663 Apud
1299 4595 1488 4650 Bedneram
1506 4597 1579 4650 deest

355 4689 400 4742 hio
419 4687 567 4744 ablativus.
