3452 5316
740 417 783 482 2⁷

236 635 448 698 Demonstrat
472 633 622 698 Plotinus
651 633 712 698 hoc
742 633 813 698 loco
842 632 1013 714 pulchrum
1040 632 1073 696 in
1098 631 1295 712 qualitatum
1317 651 1374 714 ge-

149 761 225 811 nere
249 742 431 822 ponendum
457 760 528 806 esse
557 741 605 806 ita
629 747 664 806 ut
688 740 797 805 omnia
821 739 957 822 pulchra
981 739 1057 820 sint,
1091 757 1174 820 quae
1197 741 1373 805 secundum

147 849 237 930 ipsas
261 848 518 914 considerentur.

235 956 436 1040 Quamquam
473 957 576 1037 igitur
609 955 774 1021 hominum
807 954 853 1019 sit
884 973 1036 1035 peceare,
1076 960 1185 1019 tamen
1221 953 1371 1020 omnibus

145 1082 277 1144 operam
301 1064 441 1128 dandam
470 1081 541 1130 esse
570 1082 609 1128 ne
633 1062 778 1144 peccatis
808 1081 843 1128 se
864 1062 941 1126 dent
957 1080 1039 1126 neve
1054 1080 1156 1142 puero
1180 1060 1247 1126 sibi
1270 1060 1370 1126 insito

145 1172 378 1251 obtemperent.

147 1297 236 1376 ⁴26,a
262 1291 320 1360 οὐκ
335 1290 401 1382 άρα
424 1299 471 1380 τῷ
488 1293 522 1360 έν
539 1293 731 1383 ἡμῖνπαιδὶ
787 1295 859 1375 Ι4,
878 1323 905 1364 ιι
938 1294 995 1359 καὶ
1017 1289 1074 1357 τὸν
1097 1291 1132 1358 ἐν
1155 1290 1262 1377 ἑαυτῷ
1284 1318 1372 1380 κινη-

191 1399 250 1489 τὴν
274 1398 377 1490 α’ρχιγν
401 1399 625 1488 ἐπιτρεπτέον.
831 1398 936 1466 θέντα
960 1392 1030 1465 οἷον
1053 1396 1138 1487 πρὸς
1161 1396 1271 1476 λύπας
1293 1404 1371 1465 παῖ-

808 1509 872 1580 ,δα
904 1505 1111 1573 καταπαύσει.
1144 1505 1175 1584 (ὁ
1199 1503 1316 1594 σοφὸς)
1353 1502 1372 1595 ἢ

830 1612 951 1701 ἀπειλῇ
987 1610 1005 1702 ἢ
1040 1611 1140 1700 λόγῳ,
1179 1609 1300 1700 άπειλῇ
1334 1611 1372 1680 (ii

829 1718 970 1789 άπαθεῖ.

236 1867 364 1931 Aeneas
397 1865 515 1930 iterum
549 1867 751 1931 demonstrat
784 1885 847 1930 non
881 1864 1004 1945 omnia,
1039 1883 1123 1944 quae
1156 1863 1250 1930 nobis
1283 1864 1372 1930 mala

142 1991 215 2038 esse
238 1973 427 2052 videantur,
457 1992 528 2038 esse
557 1992 592 2038 ne
615 1993 696 2038 vera
726 1972 813 2038 mala
846 1972 1007 2053 affertque
1036 1974 1148 2038 eadem
1179 1972 1249 2036 fere
1273 1989 1372 2054 argu·

141 2085 254 2144 menta
285 2085 381 2159 atque
406 2079 564 2145 Plotinus
613 2080 758 2159 Uterque
789 2080 876 2145 enim
905 2081 999 2144 docet
1029 2099 1094 2144 uun
1123 2079 1253 2144 omnine
1283 2079 1371 2144 mala

141 2187 363 2268 vituperanda
379 2206 459 2267 esse,
485 2206 557 2251 eum
575 2206 613 2251 ea
630 2188 709 2251 deus
734 2187 906 2268 aptissime
923 2186 1033 2251 mundi
1055 2185 1164 2251 oudini
1181 2185 1369 2268 subiungat.

141 2293 274 2374 ltaque,
308 2293 338 2358 si
366 2293 438 2373 quis
471 2293 629 2360 scelestus
662 2293 786 2360 iniuria
818 2294 949 2360 afficiat
977 2297 1109 2374 bunum,
1145 2312 1216 2358 eum
1247 2293 1369 2359 iniuste

141 2400 273 2481 quidem
298 2401 417 2482 facere,
443 2404 527 2466 bono
552 2407 659 2466 autem
684 2402 765 2467 haee
788 2401 888 2468 saluti
913 2420 993 2466 esse.

143 2545 235 2624 aaa
268 2539 286 2607 t
307 2541 344 2609 δὲ
360 2541 441 2619 θεὸς
463 2547 521 2630 τῆς
537 2544 729 2628 πλεονεξίας
782 2545 836 2608 ΠΙ
861 2547 920 2626 2,ι
959 2543 1015 2609 καὶ
1052 2543 1133 2627 μίαν
1172 2541 1225 2632 ἐφ’
1255 2541 1369 2619 αὐτοῖς

185 2647 246 2738 τὴν
276 2647 418 2733 α’ταξίαν
448 2648 497 2726 είς
528 2649 623 2734 τάξιν
647 2647 727 2736 ἄγει,

186 2749 258 2822 οἷον
288 2753 430 2833 ἄπιστος
463 2757 612 2845 τεχνίτης
644 2756 728 2847 πρὸς

186 2860 225 2928 τὸ
254 2861 364 2931 κσινίιν
394 2867 452 2952 τῆς
482 2863 638 2952 ἐργασίας
672 2891 728 2932 κα-

186 2972 252 3047 λιῗις
281 2973 328 3056 τῷ
356 2970 492 3060 φανέντι
522 2970 729 3061 χρησάμενος

186 3079 243 3144 καὶ
288 3075 326 3144 τὸ
366 3076 613 3167 ἀπερριμμένον
658 3078 729 3168 εἰκῆ

184 3186 242 3250 καὶ
265 3191 335 3262 τοῖς
358 3183 471 3262 ἄλλοις
495 3183 658 3275 άχριγστον
678 3185 728 3253 έκ-

188 3292 363 3382 καθαίρων
408 3295 463 3360 καὶ
510 3292 729 3382 συναρμόζων

186 3396 378 3484 άναγκάζων
428 3402 483 3467 καὶ
534 3400 639 3488 πρὸς
683 3399 728 3467 τί)

186 3505 206 3572 ii
213 3507 290 3572 λον-
302 3505 499 3575 συντάττων.

188 3842 274 3912 ὥστε
308 3843 345 3912 τὸ
378 3845 565 3932 γιγνόμενον
593 3845 728 3935 άδίκη-

186 3976 240 4037 μα
267 3958 319 4038 τῷ
341 3953 402 4038 μὲν
429 3951 643 4041 ποιήσαντι
672 3979 727 4020 κα-

187 4058 244 4126 κὸν
273 4061 328 4126 καὶ
356 4057 546 4148 άδίκιγμα,
578 4064 633 4128 καὶ
662 4060 730 4129 οὐκ

188 4163 229 4233 ἂν
257 4164 432 4257 α’φεθείη
456 4173 523 4257 τῆς
547 4167 681 4246 αἰτίας
711 4167 743 4236 ά-

188 4271 316 4363 δράσας
367 4273 444 4342 σι’δέ
489 4273 728 4365 ἀποδιδράσκει

187 4379 247 4470 τήν
274 4381 378 4469 δίκην,
407 4386 459 4468 τῷ
488 4383 525 4450 δέ
552 4382 729 4450 παθόντι

189 4486 234 4554 uti
267 4488 396 4572 κακόν,
438 4487 522 4557 α’λλὰ
557 4489 729 4579 χρήσιμον,

189 4598 220 4661 εἲ
237 4621 272 4682 γε
295 4596 490 4688 προσθήκην
514 4596 729 4683 εὐδαιμονίας

827 2654 966 2717 τοιαῦτα
1015 2654 1157 2722 ποιοῦσι,
1200 2650 1255 2715 καὶ
1305 2647 1368 2715 πά-

828 2781 963 2839 σχουσιν
991 2754 1081 2840 ὅμως
1109 2753 1273 2845 άρμονίαν
1303 2755 1368 2822 ένε-

828 2862 970 2952 στὴσατσ
1023 2862 1258 2952 φθεγγομένων
1308 2863 1369 2948 μὲν

827 2969 972 3037 ἑκάστων
989 2967 1028 3036 τά
1046 2969 1164 3050 αὐτῶν,
1187 2974 1248 3037 τοῦ
1263 2970 1300 3037 δὲ
1316 2968 1369 3036 λό-

827 3101 885 3163 γου
909 3076 961 3143 ἐπ’
983 3075 1097 3154 αὐτοῖς
1124 3075 1183 3166 τίγν
1206 3075 1369 3166 άρμονίαν

827 3186 882 3251 καὶ
917 3185 998 3268 μίαν
1031 3182 1090 3272 τὴν
1122 3182 1277 3270 σύνταξιν
1312 3184 1370 3262 εἰς

827 3291 873 3358 τά
898 3290 967 3358 ὅλα
990 3290 1202 3376 ποιουμένου.

783 3401 836 3466 ΙΙΙ
860 3403 916 3480 2,σ
948 3401 1003 3466 καὶ
1023 3396 1081 3465 οὐκ
1097 3396 1214 3487 ἀχρεῖα
1231 3397 1268 3465 δὲ
1292 3396 1369 3466 οὐδὲ

826 3509 932 3573 ταῦτα
964 3504 1180 3573 παντάπασιν
1215 3505 1264 3584 εἰς
1295 3504 1369 3573 σύν-

826 3617 921 3698 ταξιν
953 3614 1008 3680 καὶ
1040 3611 1278 3702 συμπλήρωσιν
1309 3616 1370 3680 τοῦ

828 3719 917 3789 ὅλου.

782 3849 829 3917 IV
854 3849 929 3930 3,1e
963 3844 982 3935 ἢ
1002 3844 1111 3914 καὶτὸ
1134 3843 1272 3913 άδικον
1294 3849 1368 3913 τοῦ·

827 3979 865 4021 το
893 3951 933 4021 σύ
956 3953 1054 4020 κακὸν
1083 3951 1120 4019 ίίν
1147 3958 1194 4039 τῷ
1221 3951 1368 4020 παθόντι

827 4061 913 4152 πρὸς
935 4060 994 4151 τὴν
1017 4065 1077 4128 τοῦ
1105 4059 1184 4128 ὅλου
1208 4059 1369 4149 χρήσιμον

827 4167 951 4258 πλοκήν
1093 4169 1148 4234 καὶ
1182 4165 1220 4233 τὸ
1255 4164 1369 4235 ἄδικον

828 4275 868 4365 δὴ
896 4274 934 4344 τὸ
963 4273 1042 4365 παρ’
1065 4273 1167 4342 ἄλλου
1195 4273 1243 4352 εἰς
1270 4271 1371 4342 ἄλλον

828 4382 918 4470 αὐτῷ
955 4383 1016 4468 μέν
1061 4387 1113 4468 aqi
1155 4380 1369 4470 ποιήσαντι

828 4488 966 4558 ἄδικον
1008 4491 1064 4558 καὶ
1109 4487 1176 4556 οὐκ
1215 4487 1368 4578 α’φείθη

828 4597 961 4675 αἰτίας
981 4597 998 4663 ὁ
1015 4596 1179 4687 δράσας,
1198 4621 1368 4684 συντεταγ·
