3496 5310
770 396 814 466 35

268 613 500 682 accusativum
523 614 556 680 iu
581 636 639 681 -on
663 615 867 682 desinentem
891 621 1011 698 poetae
1027 614 1266 698 praeferebant
1289 632 1349 698 per
1371 632 1404 682 -o

175 720 366 802 terminato,
385 721 461 803 quia
477 721 592 788 similis
609 728 685 788 erat
701 723 893 790 accusativo
910 723 1110 790 Graecorum
1122 741 1213 789 more
1226 721 1405 790 terminato

175 829 341 894 nominum
377 849 461 911 quae
493 848 612 912 graece
641 830 674 896 in
703 853 766 906 -ος
789 835 980 896 excurrunt.
1028 831 1087 898 sed
1118 849 1189 897 curn
1215 830 1405 896 terminatio

174 957 233 1001 -on
256 937 417 1018 producta
440 938 548 1004 vocali
572 937 706 1004 insolita
723 944 820 1020 esset,
838 938 1027 1021 plerumque
1044 937 1174 1021 syllaba
1190 938 1225 1005 iu
1241 937 1406 1021 positione

176 1043 340 1110 collocata
370 1044 403 1110 in
436 1045 535 1111 dubio
568 1045 786 1129 reliquerunt,
817 1051 925 1112 utrum
956 1045 1081 1111 vocalis
1112 1044 1210 1128 longa
1241 1051 1331 1113 esset
1362 1064 1404 1111 an

174 1151 296 1216 brevis.
348 1151 517 1234 Vergilius
541 1151 574 1218 in
598 1153 717 1219 Athon:

325 1255 393 1326 ‘ant
414 1260 523 1326 Athon
545 1265 601 1326 ant
623 1261 796 1344 Rhodopen
820 1266 877 1328 ant
900 1261 967 1327 atta
994 1259 1153 1328 Canania
1175 1256 1245 1326 tehr’

176 1366 322 1432 vocalem
347 1385 365 1430 o
387 1367 554 1450 corripuit,
579 1386 651 1433 cum
673 1386 801 1433 versum
820 1368 955 1434 similem
972 1368 1021 1434 illi
1039 1368 1149 1434 versui
1166 1385 1212 1434 ec.
1238 1367 1322 1432 VIII
1346 1368 1403 1433 44:

313 1469 381 1540 ‘ant
407 1473 541 1542 Tmaros
565 1482 621 1541 ant
642 1475 790 1558 Rhodope
814 1483 869 1542 ant
892 1477 1021 1542 entrerni
1047 1471 1270 1542 Garamantes’

175 1581 319 1662 iaceret;
351 1601 490 1662 namque
520 1581 550 1647 si
573 1582 639 1649 alio
663 1583 756 1649 modo
780 1583 885 1649 Athon
907 1583 1020 1651 versui
1044 1582 1255 1667 inseruisset,
1288 1581 1405 1647 simili-

173 1689 255 1752 tudo
294 1690 507 1769 pessumdata
547 1694 646 1755 esset.
706 1694 851 1756 ceterum
893 1690 1027 1773 eclogae
1068 1709 1200 1758 versum
1234 1689 1326 1755 illum
1362 1689 1405 1754 ad

175 1797 344 1877 exemplar
366 1797 537 1863 Theocriti
561 1797 687 1863 lactum
712 1816 784 1864 esse
809 1798 875 1863 VII
899 1799 956 1863 li:

358 1899 389 1992 ‘ij
404 1901 502 1970 'aaa
527 1899 546 1992 ἢ
568 1901 728 1970 Ῥοδόπαν
752 1901 771 1993 ἢ
794 1902 972 1971 Καύκασον
996 1901 1215 1986 ἕσχατόωντα’

176 2011 269 2076 exitu
291 2029 408 2077 versus
432 2011 515 2078 satis
539 2018 688 2095 apparet.

265 2118 295 2185 8.
327 2119 449 2185 Restat
472 2127 509 2185 ut
538 2138 783 2202 cognoscamus,
816 2122 974 2202 quomodo
1003 2126 1122 2203 poetae
1147 2120 1286 2187 Romani
1310 2140 1405 2187 accu-

173 2225 317 2292 sativum
343 2228 503 2309 pluralem
528 2227 690 2294 nominum
716 2228 920 2295 Graecorum
945 2227 1175 2295 formaverint.
1230 2229 1316 2294 huuc
1339 2248 1404 2295 nou

174 2333 358 2416 mutabant,
381 2335 409 2399 si
426 2335 557 2400 uomina
573 2335 710 2402 tertiam
729 2336 982 2404 declinationem
1000 2335 1152 2402 Latinam
1170 2337 1404 2418 sequebantur.

172 2441 285 2523 itaque
308 2441 342 2507 iu
366 2441 467 2508 Enni
491 2442 636 2526 reliquiis
660 2451 800 2510 amaras
825 2444 886 2529 (ir.
906 2445 944 2510 A.
962 2443 1046 2528 bil)
1071 2444 1165 2510 nobis
1190 2443 1343 2527 occurrit,
1370 2442 1404 2509 in

174 2548 377 2614 Ciceronis
402 2550 534 2616 Arateis
560 2549 706 2636 (XXIX)
730 2550 879 2635 Hyadas,
904 2552 991 2633 apud
1007 2539 1407 2634 Lucretiumprcsiaras

173 2656 235 2740 (Vl
253 2657 344 2742 424),
363 2658 448 2737 apud
467 2657 661 2724 Catullum
681 2657 838 2742 Cycladas
861 2659 892 2723 4.
913 2677 938 2742 r,
966 2658 1119 2743 Thyades
1143 2660 1196 2726 64.
1212 2674 1274 2730 391.
1311 2658 1405 2724 buius

175 2762 303 2829 formae
341 2764 490 2847 exempla
528 2765 742 2831 inveniuntur
778 2767 810 2831 iu
844 2765 998 2849 Vergili
1035 2766 1203 2848 operibus:
1250 2765 1406 2849 Cyclopas

176 2871 334 2956 Cycladas
349 2871 479 2956 Leleyas
493 2872 596 2940 Caras
607 2873 754 2940 Arcadas
772 2872 992 2941 Garamantas
1010 2874 1114 2940 Troas
1133 2874 1247 2940 Aonas
1263 2880 1405 2940 mataras

172 2979 300 3062 hyadas
323 2979 436 3046 lebetas
459 2986 580 3062 tapetas
603 2980 749 3047 thoracas
772 2982 980 3064 tripodas-
997 2987 1136 3047 mutans
1160 2977 1236 3066 (ec.)
1260 2980 1405 3064 dryadas

172 3085 250 3172 (ec.)
274 3087 398 3170 hyadas
422 3085 502 3172 (ge.)
523 3087 671 3170 pleiadas
695 3087 774 3172 (ge.)
799 3088 912 3154 herem
936 3087 1022 3173 (ea),
1040 3088 1143 3153 multa
1168 3087 1255 3169 apud
1280 3087 1405 3154 Hora·

173 3193 267 3258 tium
292 3193 327 3258 in
351 3194 562 3260 carminibus:
587 3194 727 3279 Hyadas
744 3194 902 3279 Cycladas
927 3195 1092 3280 Thyiadas
1115 3195 1244 3262 Arabas
1270 3196 1405 3262 Titanas

176 3301 280 3368 Troas
313 3302 423 3385 lyncas
459 3303 616 3385 tripodas,
655 3303 688 3369 iu
719 3302 842 3368 saturis
876 3307 910 3368 et
940 3302 1091 3384 epistulis
1125 3302 1251 3369 Arabas
1280 3303 1403 3370 hnoas.

173 3407 358 3475 Tibullus
390 3410 515 3475 duobus
548 3409 629 3475 locis
661 3410 851 3477 accusativo
885 3410 1006 3492 plurali
1037 3429 1116 3476 usus
1146 3416 1199 3476 est
1228 3411 1300 3477 14.
1322 3428 1405 3496 mssa
1463 3446 1465 3451 v

172 3515 333 3595 Pieridas,
357 3516 404 3581 1v
421 3518 483 3586 26
502 3517 680 3599 lampadas.
712 3517 745 3583 in
770 3517 1014 3601 panegyrico
1030 3517 1240 3584 Messallae
1256 3517 1404 3604 Laestry-

168 3643 272 3709 ponas
296 3623 366 3710 (59)
390 3624 423 3688 in
448 3623 612 3691 Graecam
637 3625 902 3691 terminationem
928 3626 1006 3691 exit.
1054 3643 1158 3707 neque
1182 3625 1283 3691 multo
1307 3627 1403 3707 plura

173 3730 386 3797 inveniuntur
426 3731 460 3798 in
500 3731 689 3814 Properti
732 3732 864 3816 elegiis:
914 3732 1041 3799 Ih'adas
1082 3733 1217 3799 Titanas
1255 3733 1403 3800 incidas

172 3839 386 3923 ephemeridas
416 3837 567 3923 alcyonem
596 3841 717 3907 heroas.
765 3841 797 3905 iu
823 3840 940 3906 Ovidi
972 3839 1066 3906 libris
1097 3840 1192 3906 buius
1220 3840 1402 3906 accusativi

174 3948 303 4012 formae
327 3953 476 4013 exstant:
513 3947 679 4014 Achaidas
708 3948 836 4015 Arabas
868 3947 1054 4032 Cephisidas
1086 3947 1189 4015 Caras
1214 3947 1403 4030 Cecropidas

172 4054 388 4120 Dardanidas
399 4054 653 4140 Erymanthidas
668 4054 825 4139 Giparrtas
835 4054 976 4138 Hyadas
985 4055 1160 4122 Inachidas
1175 4055 1402 4138 Myrmidonas

172 4163 359 4246 Minyeidas
388 4162 559 4247 Maynetas
586 4163 757 4230 Pirenidas
785 4163 962 4230 Phoenicas
992 4162 1201 4246 Propoetidas
1234 4163 1401 4228 Telchinas

174 4270 275 4337 Troas
298 4270 526 4354 Symplepadas
548 4270 762 4337 Phaestiadas
777 4271 976 4338 Athamanas
999 4271 1142 4355 dryadas
1162 4270 1401 4355 hamadryadas

172 4377 282 4462 lyncas
304 4379 451 4444 madar.

262 4485 481 4552 accusativus
518 4485 657 4568 pluralis
697 4486 861 4553 nominum
907 4505 991 4568 quae
1038 4486 1212 4552 secundum
1259 4484 1398 4568 primam

172 4592 357 4659 alteramve
377 4592 628 4660 declinationem
650 4593 838 4676 flectuntur,
859 4593 963 4659 latine
977 4593 1009 4659 in
1027 4616 1078 4660 ·os
1094 4599 1128 4656 et
1145 4593 1176 4658 in
1195 4615 1250 4660 -as
1266 4592 1397 4659 desinit.

1259 4716 1292 4772 3*
