3462 5312
729 411 792 474 lte

654 501 865 510 *ιιι-υ·-

360 623 505 688 Absolvit
528 623 703 707 Pbryptum
728 629 834 689 uestra
856 625 974 706 rapina
998 623 1110 689 Parim

147 737 205 796 aut
226 730 388 812 Paridem,
414 735 449 794 ut
472 733 514 796 ab
539 731 696 796 Iuvenale
720 731 767 797 VI
791 731 851 796 87:

359 845 452 920 utpute
474 839 575 922 crucis
598 846 734 922 stupeas,
760 839 851 905 ludos
874 838 1086 921 Paridemque
1107 838 1242 922 reliquit.

235 972 264 1037 3.
297 971 484 1038 Eorundem
513 971 692 1055 nominum,
725 991 861 1052 quorum
891 973 986 1038 huius
1015 972 1136 1054 capitis
1166 972 1271 1054 primo
1301 972 1373 1038 loco

145 1079 382 1146 nominativum
413 1086 447 1145 et
475 1079 664 1147 vocativum
694 1079 905 1162 singularem,
937 1080 1041 1146 altero
1072 1080 1216 1145 eiusdem
1247 1080 1374 1144 numeri

145 1191 271 1251 ceteros
295 1205 391 1252 casus
408 1185 691 1268 perlustravimus
716 1187 782 1252 iam
798 1186 944 1268 plurales
961 1207 1057 1252 casus
1073 1185 1331 1269 contemplemur
1339 1185 1372 1272 1).

234 1294 283 1358 Ac
311 1294 534 1360 nominativus
563 1294 692 1374 quidem
722 1314 782 1376 per
804 1317 852 1361 -es
882 1295 1030 1361 evocali
1054 1294 1255 1360 Graecorum
1285 1311 1374 1360 more

144 1407 297 1482 correpta
321 1401 515 1467 terminatus
539 1401 732 1483 saepissime
756 1408 903 1468 ametro
928 1401 1113 1483 postulatus
1138 1407 1188 1468 est
1212 1385 1374 1484 imprimis

144 1527 255 1572 eorum
283 1508 463 1590 nominum,
496 1527 631 1588 quorum
655 1509 859 1590 paenultima
887 1508 1018 1592 syllaba
1042 1509 1166 1590 breviS,
1196 1514 1374 1590 antepaeu-

144 1612 261 1679 ultima
284 1613 384 1696 longa
408 1621 472 1696 est,
498 1634 562 1695 qua
586 1635 631 1696 re,
660 1623 696 1680 ut
720 1616 785 1681 iam
809 1617 942 1697 saepius
967 1616 1275 1697 demonstravimus,
1300 1615 1375 1681 fieri

143 1739 208 1786 non
231 1729 372 1804 poterat,
398 1721 477 1802 quin
501 1722 732 1788 terminatione
748 1722 848 1804 longa
872 1722 1023 1788 adhibita
1043 1723 1185 1788 creticus
1209 1725 1251 1788 ab
1274 1723 1375 1787 hexa-

144 1833 248 1893 metro
273 1829 448 1895 efficiendo
470 1827 566 1895 valde
590 1828 718 1894 alienus
742 1829 940 1895 efficeretur.
982 1829 1061 1895 Cum
1085 1848 1237 1894 numerus
1261 1830 1374 1894 horum

143 1935 309 2001 nominum
342 1941 452 2002 tantus
480 1936 538 2017 sit,
571 1935 708 2018 utplus
740 1935 872 2002 tertiam
900 1941 1027 2018 partem
1059 1936 1201 2002 omnium
1232 1936 1374 2018 expleat,

143 2041 303 2107 nonnulla
341 2043 424 2109 satis
461 2044 567 2109 habeo
607 2043 756 2126 exemplu
796 2043 964 2110 attulisse:
1016 2044 1196 2109 Atlantides
1233 2043 1376 2110 Arcades

143 2149 324 2216 Anticatones
358 2150 492 2234 Iueyycs
532 2151 681 2232 rhetores,
727 2153 768 2216 ad
804 2170 887 2231 quae
929 2150 1057 2216 accedit
1091 2150 1246 2235 Pbrypcs,
1289 2152 1375 2231 quod

144 2276 260 2322 nomeu
285 2257 475 2338 plerumque
499 2258 663 2340 syllabam
687 2259 932 2324 antecedentem
957 2258 1121 2340 produxit.
1165 2257 1279 2338 Neque
1304 2259 1374 2324 lere

143 2363 231 2429 alius
255 2383 351 2430 casus
380 2373 442 2446 est,
475 2365 567 2430 euius
592 2365 722 2432 Graeca
747 2365 853 2430 forma
881 2370 1028 2430 ametro
1057 2365 1225 2446 postulata
1253 2365 1375 2430 totiens

143 2470 223 2536 aliis
248 2490 374 2551 quoque
402 2470 485 2537 locis
509 2471 660 2538 adhibita
688 2472 742 2537 sit.
788 2471 874 2538 Nam
898 2473 981 2538 satis
1006 2471 1108 2537 multa
1133 2471 1264 2538 nomina
1288 2478 1373 2552 sunt,

143 2597 281 2658 quorum
305 2579 388 2644 duae
405 2578 554 2662 syllabae
578 2579 804 2644 terminationi
828 2580 1057 2645 antecedentes
1081 2582 1198 2646 breves
1215 2585 1299 2660 sunt,
1324 2578 1374 2644 ita

144 2693 179 2750 ut
204 2686 239 2750 iu
262 2687 452 2752 hexametro
477 2686 607 2766 quidem
631 2687 673 2752 iis
698 2687 798 2769 longa
821 2687 1053 2752 terminatione
1077 2705 1158 2768 opus
1181 2687 1239 2752 sit:
1271 2686 1374 2770 Arpo

143 2794 223 2859 tides
247 2794 369 2860 Iticrdes
392 2792 546 2877 Alcyones
572 2791 771 2877 Cappadoces
795 2794 959 2877 Aethiopes
984 2795 1108 2860 Arabes
1131 2793 1247 2877 Libyes
1269 2792 1374 2857 multa

142 2901 221 2966 alia.
269 2901 333 2966 Sed
364 2921 403 2966 ue
432 2901 483 2966 his
513 2901 642 2981 quidem
667 2901 764 2982 tocie,
796 2908 833 2967 ut
860 2921 915 2967 eos
939 2901 1102 2982 omittam,
1135 2901 1253 2980 quibus
1277 2899 1374 2965 metri

140 3009 230 3074 ratio
259 3008 398 3074 aliorum
423 3027 550 3089 quoque
574 3008 738 3074 nominum
769 3010 900 3090 longam
924 3009 1188 3074 terminationem
1217 3006 1373 3088 postulat,

141 3122 259 3198 poetae
295 3115 417 3181 Latina
456 3116 689 3181 terminatione
723 3129 770 3181 -es
809 3116 941 3198 longam
980 3114 1144 3198 syllabam
1183 3114 1373 3196 effecerunt,

141 3224 199 3289 sed
224 3223 351 3302 ubique·
372 3223 535 3304 positione
563 3224 614 3290 usi
638 3230 728 3305 sunt,
761 3226 970 3304 quamobrem
1000 3223 1098 3288 etiam
1127 3222 1185 3288 illo
1214 3240 1277 3287 uno
1301 3211 1372 3288 loco

142 3330 262 3396 Iliadis
285 3330 427 3396 Latinae
453 3331 532 3396 790:

357 3440 477 3504 Acrius
502 3440 677 3524 obstrepunt
702 3439 815 3518 Troes,
846 3446 881 3506 at
903 3438 1047 3505 Acbuc'ca
1068 3437 1162 3504 crarta

143 3557 215 3620 lere
243 3574 375 3620 {recessa
398 3555 530 3621 videtur
553 3555 706 3621 Latinam
736 3554 1000 3620 terminationem
1025 3567 1087 3636 -cs,
1120 3573 1216 3634 quam
1246 3554 1280 3618 iu
1305 3553 1373 3618 edi-

142 3662 289 3728 tionibus
313 3662 512 3745 invenimus,
541 3662 695 3728 tollamus
718 3662 894 3727 secundum
918 3661 1065 3727 codicum
1090 3661 1234 3744 vestigia
1257 3660 1292 3726 in
1315 3679 1373 3742 pa

142 3770 223 3852 gine
247 3770 289 3833 59
314 3769 419 3834 allata
441 3789 500 3852 pro
526 3777 559 3836 ut
581 3769 762 3835 scribentes
786 3770 849 3835 sed.

232 3875 439 3941 Nominativi
477 3877 683 3958 potissimum
723 3877 871 3958 exemplo
912 3877 1063 3942 ellectum
1099 3895 1169 3940 esse
1204 3881 1297 3957 puto,
1338 3879 1374 3939 ut

143 3983 328 4050 accusativi
339 3983 362 4068 ²)
403 4003 529 4064 quoque
569 3984 758 4050 terminatio
798 3984 991 4067 saepissime
1032 3983 1193 4050 Graecam
1233 3982 1372 4046 formam

143 4096 302 4157 servaret.
350 4091 435 4156 Sane
460 4091 589 4171 quidem
618 4098 757 4156 metrum
782 4089 981 4174 dactylicum
1010 4109 1108 4170 saepe
1132 4107 1202 4154 eam
1227 4087 1373 4170 postula-

143 4198 194 4264 vit
236 4197 398 4279 imprimis
438 4218 547 4263 eorum
582 4199 757 4278 nominum,
798 4217 932 4278 quorum
972 4196 1208 4263 nominativum
1247 4214 1374 4276 quoque

143 4305 263 4370 Latine
294 4305 502 4371 terminatum
534 4309 575 4371 ab
607 4307 796 4371 hexametro
827 4305 1004 4370 abhorrere
1035 4303 1193 4369 vidimus:
1226 4301 1373 4368 Arcados

236 4520 254 4573 'l
274 4519 456 4572 Sniehotta
481 4520 530 4574 lo.
551 4535 575 4586 p.
590 4521 671 4585 issu.

235 4609 254 4676 ¹)
274 4608 453 4662 Suiehotta
478 4609 528 4662 lc.
549 4625 571 4676 p.
587 4610 668 4675 resq.
