3496 5310
735 381 779 464 49

151 633 185 680 ea
214 613 351 681 vocibus
380 611 511 678 Latinis
541 611 727 692 adaequare
751 609 940 693 nequirent;
970 608 1065 677 velut
1087 606 1270 674 Catullus
1303 603 1373 692 (64.

150 719 213 806 391)
236 739 309 788 cum
331 737 447 787 nomen
474 719 642 804 Thyadom
664 716 774 786 vitare
798 715 928 784 omnino
951 734 1016 784 non
1040 714 1198 798 potuerit,
1223 712 1324 782 dixit:

383 822 554 910 ‘Thyades
576 826 689 910 effusis
711 825 837 892 euantis
859 824 1001 892 crinibus
1023 817 1103 908 epit’,
1258 891 1262 897 ,

151 953 222 1002 nam
258 931 451 1001 accusativo
485 932 608 1000 Latino
641 928 810 1017 ‘Thyades’
845 937 983 998 metrum
1020 928 1162 996 obstitit.
1218 928 1277 995 sod
1312 929 1377 994 iam

152 1044 226 1108 ante
257 1040 420 1108 Catullum
451 1037 596 1124 (64.15)
629 1037 766 1106 Cicero
797 1039 949 1106 Nereides
979 1036 1112 1104 Graeca
1143 1035 1378 1102 terminatione

152 1149 258 1216 dicere
282 1153 416 1216 coactns
439 1152 493 1214 est
514 1153 619 1212 metro
643 1145 752 1230 (Anat.
770 1145 864 1231 446),
897 1164 968 1212 cum
998 1143 1069 1211 loco
1093 1142 1270 1210 Nereidum
1296 1142 1380 1208 nihil

153 1255 180 1322 ei
208 1255 391 1322 obveniret.
442 1271 549 1337 neque
582 1251 689 1336 magis
721 1252 794 1320 fieri
827 1251 951 1335 potuit,
984 1256 1022 1318 ut
1054 1245 1380 1334 Vergiiins‘more

153 1361 271 1428 Latino
303 1383 319 1428 e
348 1361 497 1428 vocalem
528 1358 770 1426 terminationis
798 1358 936 1442 pluralis
967 1357 1163 1425 nominativi
1193 1379 1240 1424 -cs
1263 1357 1382 1439 produ-

153 1475 241 1537 ceret
270 1468 305 1536 in
335 1468 477 1536 Arcadis
502 1467 682 1534 Actaeonis
707 1467 847 1536 Troades
870 1465 1048 1534 Atlantidis
1070 1465 1266 1533 Mareotides
1289 1465 1381 1532 Libe-

153 1578 269 1645 thridis
291 1576 454 1644 Proetides
477 1575 627 1644 tramea
649 1576 770 1642 mitiis.
817 1574 916 1640 metri
946 1573 1076 1640 ratione
1100 1572 1268 1640 Ovidius
1297 1591 1382 1639 com-

153 1691 259 1751 motus
294 1689 361 1766 est,
400 1689 440 1750 ut·
474 1681 636 1750 Graecam
675 1680 940 1749 terminationem
980 1686 1134 1748 servaret
1172 1680 1206 1747 in
1241 1679 1383 1749 Arcades
1512 1687 1514 1694 ’

155 1792 294 1860 Troadis
321 1791 503 1874 Minyeides
527 1789 728 1873 Spercheides
749 1789 927 1856 Maenades
950 1789 1182 1874 Stymphalides
1204 1787 1384 1856 Pactolides

153 1899 309 1984 Nyseides
331 1897 507 1983 Ledaeam
529 1897 706 1964 Ismenides
728 1896 910 1964 Acheloides
935 1895 1154 1980 Calydonides.
1204 1914 1287 1977 quae
1311 1915 1383 1963 cum

153 2006 201 2072 ita
225 2025 262 2074 se
286 2006 442 2087 habeant,
467 2004 582 2070 mirum
607 2003 712 2070 rideri
737 2022 802 2069 non
826 2007 948 2086 potest,
974 2003 1060 2086 quod
1084 2006 1203 2086 poetae
1220 2003 1384 2071 Graecam

155 2115 314 2198 originem
361 2111 527 2180 recordati
572 2111 685 2178 horum
730 2110 895 2178 nominum
940 2112 1089 2179 Graecas
1133 2109 1385 2177 terminationes

155 2222 320 2303 putabant
359 2219 478 2302 ubique
518 2217 595 2301 poni
636 2224 788 2301 oportere
829 2237 941 2286 eorum
975 2237 1101 2300 qnoque
1141 2237 1226 2299 quae
1261 2218 1386 2284 Latina

155 2326 389 2394 terminatione
412 2344 477 2393 non
501 2327 596 2393 modo
621 2334 759 2393 metrum
783 2345 848 2394 non
872 2324 1085 2392 offendebant
1109 2327 1168 2392 sed
1191 2327 1261 2393 sole
1286 2327 1385 2392 etiem

155 2434 218 2502 hac
253 2432 486 2500 terminatione
524 2433 664 2516 pluralis
694 2432 889 2500 nominativi
926 2433 1077 2500 adhiberi
1113 2439 1270 2516 poterant
1306 2437 1385 2500 ante

156 2541 301 2609 vocales.
348 2539 563 2625 nequeenim
587 2559 723 2622 nsquam
748 2541 881 2608 vocales
909 2538 1154 2607 terminationis
1176 2563 1224 2608 -es
1247 2539 1386 2607 Graecis

156 2650 190 2716 in
220 2648 406 2717 nominibus
435 2649 620 2731 producere
651 2647 724 2714 ausi
754 2655 832 2714 sont
861 2647 925 2714 nisi
956 2647 1012 2714 nbi
1042 2647 1076 2713 id
1106 2666 1168 2730 per
1191 2648 1387 2730 positionem

155 2756 228 2824 fieri
260 2755 376 2838 potuit.
425 2756 644 2824 conferantur
676 2754 809 2822 nomina
841 2773 926 2836 quae
956 2754 1127 2838 Vergilius
1160 2754 1194 2820 in
1225 2755 1388 2838 positione

156 2862 349 2931 collocavit:
379 2861 523 2932 Pierides
547 2863 696 2930 Sicelides
718 2863 856 2946 caedes
879 2863 1100 2946 amarlayacles.
1148 2881 1261 2928 eornm
1285 2863 1388 2946 igitur

156 2971 321 3039 nominum
345 2971 492 3053 exemplo
516 2989 600 3053 quae
624 2971 722 3037 metri
746 2988 848 3037 censa
873 2969 906 3036 in
931 2970 1095 3038 Graecam
1124 2971 1389 3038 terminationem

156 3079 250 3145 exire
284 3078 473 3161 oportebat,
513 3076 639 3145 iactum
679 3083 745 3160 est,
784 3081 823 3144 nt
856 3082 976 3160 poetae
1015 3077 1165 3145 omnibus
1203 3078 1390 3145 nominibus

157 3185 309 3254 Graecas
332 3184 586 3252 terminationes
610 3183 751 3266 pluralis
775 3185 970 3252 nominativi
999 3191 1034 3250 et
1057 3185 1240 3252 accusativi
1271 3185 1390 3253 darent

157 3298 192 3358 ct
208 3291 396 3373 ubicunque
411 3292 474 3358 hae
491 3309 562 3359 cum
576 3297 680 3357 metro
694 3291 825 3358 heroico
843 3292 1047 3375 pugnabant,
1065 3292 1212 3358 ultimam
1225 3293 1388 3376 syllabam

157 3398 358 3482 positione
381 3399 535 3482 longam
560 3398 746 3465 redderent.

251 3508 282 3572 2.
314 3505 420 3574 Multo
450 3504 679 3588 frequentiora
709 3509 789 3572 sunt
819 3525 860 3572 ea
890 3506 1022 3573 nomina
1054 3525 1139 3588 quae
1170 3507 1203 3572 in
1235 3508 1390 3575 Latinum

159 3631 342 3680 sermonem
383 3613 549 3680 translata
587 3611 689 3680 certis
728 3617 857 3679 tantum
897 3613 1142 3680 condicionibus
1181 3614 1214 3680 in
1257 3616 1390 3681 heroum

158 3740 292 3789 versum
329 3720 429 3803 recipi
466 3720 642 3804 potuerint.
697 3728 797 3803 poeta
829 3720 914 3787 enim
945 3721 1115 3788 Romanus
1153 3741 1225 3788 cnm
1258 3724 1391 3790 vocales

158 3828 278 3896 finales
307 3846 420 3894 omnes
451 3827 581 3896 abicere
608 3831 686 3894 ante
710 3827 854 3894 vocalem
879 3835 1068 3912 cogeretur,
1100 3831 1232 3896 nomina
1261 3831 1393 3914 generis

160 3935 316 4003 feminini
347 3953 430 4018 quae
460 3934 495 4001 in
519 3935 652 4002 Graeca
676 3934 793 4018 lingua
822 3934 978 4002 desinunt
1007 3935 1042 4002 in
1073 3961 1134 4024 -η,
1167 3945 1297 4004 mutare
1326 3958 1391 4004 non

160 4061 263 4111 ausus
295 4048 356 4110 est.
408 4062 483 4110 narn
517 4043 599 4109 haee
629 4042 762 4109 nomina
800 4042 828 4108 si
858 4042 907 4109 ori
938 4043 1101 4125 adaptata
1132 4052 1229 4110 erant
1259 4045 1392 4132 Latino,

159 4149 355 4233 saepissime
391 4149 426 4216 in
465 4158 536 4216 tres
574 4150 722 4233 syllabas
762 4150 882 4216 breves
921 4149 1058 4217 exibant
1096 4169 1201 4233 neque
1240 4152 1394 4218 adbiberi

161 4262 322 4340 poterant
360 4256 423 4324 nisi
463 4255 498 4323 in
536 4257 738 4342 synaloephe
776 4257 895 4339 posita.
958 4258 1040 4324 hacc
1084 4265 1157 4324 erat
1198 4279 1299 4325 causa
1338 4279 1395 4326 cur

162 4364 344 4431 Lucilius
371 4365 538 4448 Tisiphone
562 4363 618 4448 (fr.
638 4363 716 4449 134)
740 4364 850 4431 dicere
873 4364 988 4431 mallet
1012 4383 1108 4447 qnam
1127 4365 1310 4448 Tisiphone,
1336 4386 1395 4432 cnr

163 4472 303 4539 Cicero
326 4470 435 4538 Helice
457 4471 593 4556 Alcyone
615 4472 744 4555 Merope
762 4473 895 4556 Taypeie
909 4472 1059 4555 Asterope
1075 4472 1223 4539 Graecos
1246 4473 1396 4542 imitatus

163 4597 232 4646 non
255 4578 444 4650 mutaverit.
490 4581 574 4651 banc
597 4577 830 4646 necessitatem
854 4581 1015 4648 sermonis
1039 4579 1152 4646 Latini
1176 4587 1276 4662 atque
1299 4581 1397 4648 metri

221 4717 401 4774 suishotte,
416 4717 452 4762 De
465 4727 553 4765 vocum
568 4718 654 4764 Graec.
664 4727 719 4763 usu.
1272 4705 1290 4758 4
