3522 5310
727 281 940 382 ..ἒξ-

256 485 470 573 Αριστόδημον
498 485 529 548 ἐν
554 492 619 560 τοῖς
648 484 726 548 ἑπτὰ
755 489 859 573 σοφοῖς
882 483 1051 573 ἀναγράφει
1071 480 1211 568 Ἄνδρων
1234 482 1249 545 ὁ
1268 480 1421 570 Ἐφέσιος.

247 587 362 674 Neque
387 589 483 669 euim,
507 587 542 650 id
565 585 652 672 quod
683 584 784 650 verba
815 588 888 672 ipsa
918 595 1109 668 monstrant,
1145 583 1216 648 fieri
1240 592 1357 670 potest,
1389 595 1422 648 ut

248 692 451 759 scholiastae
464 694 617 780 Diogene
633 695 763 758 Laertio
781 690 935 775 hauserit,
954 693 1005 756 cui
1023 690 1085 758 soli
1102 690 1187 757 hanc
1204 693 1421 756 narrationem

249 800 417 866 debemus.
466 801 552 866 Satis
569 823 736 887 superque
751 801 850 886 igitur
874 798 1045 864 constabat
1068 797 1110 864 ab
1135 799 1292 864 Androne
1317 799 1422 886 primo

197 911 201 919 '
250 907 498 973 Aristodemum
521 910 606 974 inter
630 918 757 995 septem
781 909 948 995 sapientes
971 915 1177 972 numeratum
1202 927 1287 972 esse.

356 1032 544 1121 Liberque
568 1033 684 1098 Andro
709 1033 750 1098 de
775 1041 901 1119 septem
925 1033 1123 1118 sapientium
1147 1033 1325 1096 certamine
1350 1033 1424 1116 egit,

248 1141 426 1226 inscriptus
452 1151 503 1205 est
522 1144 679 1234 ’Τρίποοςῖ
728 1139 792 1205 Sio'
811 1140 961 1226 inscripti
982 1137 1057 1204 libri
1085 1137 1180 1204 nobis
1210 1140 1331 1202 servati
1359 1161 1423 1203 non

251 1259 336 1329 sunt,
360 1247 549 1313 huiusmodi
572 1247 700 1312 indices
724 1269 860 1334 perraro
884 1256 1069 1310 occurrunt.
1116 1247 1226 1332 Atque
1249 1243 1306 1309 ubi
1338 1244 1426 1309 huno

248 1354 375 1421 titulum
399 1357 597 1438 invenimuS,
621 1377 684 1421 non
712 1378 730 1420 e
753 1353 829 1418 libri
854 1363 1056 1439 argumento,
1089 1352 1148 1417 sed
1178 1375 1220 1417 ex
1242 1352 1349 1416 forma
1372 1353 1426 1416 tri-

248 1465 367 1550 pertita
390 1472 447 1528 aut
469 1461 543 1527 libri
567 1471 623 1527 aut
650 1461 788 1527 alicuius
824 1461 1005 1526 litterarum
1029 1461 1162 1546 generis
1191 1458 1296 1523 lectus
1325 1469 1383 1523 est.
1400 1461 1424 1538 ¹)

249 1571 299 1635 Ita
320 1569 476 1636 Glaucias
500 1568 647 1634 libellum
671 1571 726 1656 qui
752 1569 792 1634 de
815 1569 979 1634 medicina
1004 1579 1081 1650 erat,
1106 1563 1260 1660 ‘Tptuobol
1289 1567 1426 1652 inscrip-

249 1680 304 1754 sit;
330 1675 372 1745 cf.
391 1676 506 1744 Galen.
530 1677 742 1763 subfiguratio
764 1678 920 1763 empirica
936 1676 986 1742 ed.
1005 1676 1048 1741 M.
1064 1677 1202 1757 Bonnet,
1227 1675 1321 1740 Bonn
1341 1675 1425 1740 1872

250 1787 289 1850 11
320 1807 350 1871 p.
377 1786 430 1868 63,
467 1786 523 1850 12:
559 1787 666 1850 omnio
700 1788 783 1851 enim
806 1785 989 1851 huiusmodi
1023 1784 1184 1850 osteudens
1213 1783 1426 1866 Hippocrates

249 1894 387 1975 ploriam
409 1893 551 1974 Asclepii
573 1893 683 1958 habuit
711 1894 750 1958 ob
778 1893 932 1976 omnibus,
962 1893 1017 1974 qut
1039 1893 1210 1956 secondum
1247 1913 1327 1970 eum,
1362 1913 1426 1955 aon

248 2003 355 2081 atique
372 2021 433 2083 per
455 2000 548 2064 ἄοινοι
572 1999 871 2083 intemperiem,
897 2000 952 2081 qai
968 2019 1031 2080 per
1054 1999 1118 2064 trio
1141 2019 1321 2078 sermonen,
1345 2001 1426 2064 sieta

250 2105 396 2188 Serapio,
427 2129 525 2190 aeque
553 2107 715 2190 tripodem,
743 2108 827 2172 sicea
850 2105 1017 2172 Glaucias.
1052 2103 1283 2190 Nausiphanes
1312 2105 1424 2186 Teius,

248 2213 299 2277 vir
322 2213 363 2277 de
389 2211 537 2278 doctriua
553 2213 767 2278 Democritea
791 2211 1014 2300 promovenda
1038 2222 1070 2275 et
1093 2211 1306 2298 propaganda
1328 2214 1424 2276 meri·

248 2321 404 2399 tissimus,
430 2319 575 2385 libellum
601 2321 642 2386 de
666 2321 773 2406 logica
797 2321 962 2407 empirica,
988 2343 1029 2384 ex
1053 2343 1116 2406 quo
1137 2319 1313 2406 Epicurus,
1337 2320 1423 2384 Nau·

248 2428 395 2513 sipbanis
442 2426 623 2516 discipulus
677 2436 710 2493 et
755 2428 893 2510 auditor,
941 2427 1109 2492 Oanonem
1156 2449 1252 2491 suum
1299 2427 1424 2512 feeit2),

247 2531 402 2629 ‘Tplaoboi
427 2537 595 2623 inscripsit
618 2535 727 2621 (Diog.
745 2536 851 2600 Laert.
870 2535 900 2602 X
919 2536 983 2618 14).
1022 2535 1131 2620 Atque
1153 2533 1315 2619 Sceptiois
1340 2536 1424 2618 prio·

248 2643 339 2708 ribus
369 2663 550 2728 cognomen
587 2651 697 2707 sectae
726 2639 867 2729 ‘'l'ripus'
896 2643 1010 2706 merito
1046 2641 1184 2706 inditum
1220 2663 1295 2706 esse
1330 2641 1425 2706 nobis
1504 2687 1510 2700 .

249 2749 511 2816 concludendum
537 2761 588 2814 est
612 2749 756 2814 everbis
772 2747 912 2814 Davidis
936 2751 968 2813 in
994 2746 1127 2813 scholiis
1151 2747 1193 2813 ad
1213 2747 1423 2814 Aristotelem

249 2856 300 2923 ed.
326 2857 466 2922 Brendis
490 2881 521 2943 p.
547 2853 670 2922 22145
694 2861 813 2943 ἐκλήθη
835 2863 889 2925 καὶ
910 2862 1041 2949 Τρίποος
1062 2861 1081 2942 ἡ
1105 2861 1217 2949 αἵρεσις
1240 2862 1338 2926 αὐτῶν
1361 2856 1422 2942 (sc.

248 2979 308 3035 τῶν
335 2966 526 3060 ἐφεκτικῶν).

356 3089 522 3156 Andronis
550 3113 628 3156 vero
656 3088 802 3156 libellum
821 3093 977 3184 ‘Tpluoboi
1013 3088 1215 3175 inscriptum,
1247 3100 1283 3154 ut
1310 3111 1328 3153 e
1365 3113 1426 3154 sex

250 3199 320 3262 eius
352 3197 543 3284 fragmentis
579 3199 681 3286 (apud
707 3197 903 3262 Muellerum
931 3197 1026 3263 FHG
1050 3196 1082 3262 Il
1106 3197 1279 3280 elo-483
1314 3197 1374 3282 frg.
1404 3199 1424 3261 4

248 3327 314 3370 non
337 3303 402 3370 huo
424 3305 577 3394 pertinet,
603 3328 800 3393 quamquam
817 3305 959 3369 Wulfius
983 3328 1013 3392 p.
1040 3304 1082 3369 26
1100 3327 1132 3349 =
1152 3305 1215 3370 188
1239 3304 1313 3369 adn.
1341 3306 1357 3369 1
1391 3304 1424 3368 id

250 3436 380 3500 quoque
419 3413 579 3496 adhibuit)
618 3411 715 3478 facile
754 3415 995 3498 cognoscimus,
1043 3411 1137 3476 aliter
1175 3414 1426 3498 interpretemur

249 3543 389 3586 necesse
420 3530 480 3586 est
526 3521 599 3586 Hoc
632 3542 732 3608 opere
755 3520 947 3585 Andronem
982 3520 1022 3585 de
1058 3531 1185 3605 septem
1222 3518 1425 3606 sapientibus

249 3626 398 3714 pluribus
430 3631 538 3714 egisse
568 3638 600 3692 et
627 3628 754 3693 titulum
784 3651 803 3691 a
830 3609 975 3714 praemio
1004 3628 1246 3714 sapientissimo
1275 3627 1350 3690 dato
1373 3650 1425 3691 re-

248 3737 386 3822 petiisse
410 3759 430 3800 a
452 3735 579 3823 tripode
609 3747 733 3800 certum
762 3745 821 3818 est,
859 3737 987 3799 etiamsi
1009 3733 1151 3800 Wulfius
1181 3757 1210 3821 p.
1237 3735 1277 3798 11
1303 3763 1335 3788 =
1362 3734 1425 3799 173

250 3849 285 3907 et
321 3844 361 3909 19
385 3873 419 3898 =
445 3845 506 3909 181
547 3841 636 3908 aliud
672 3854 898 3928 argumentum
933 3841 1100 3906 Andronis
1134 3839 1217 3906 libro
1253 3842 1427 3927 supposuit

248 3946 387 4017 ‘omnino
412 3951 450 4016 de
471 3952 551 4016 uiris
573 3951 770 4033 sapientibus
792 3952 827 4014 ia
849 3949 905 4015 hoe
928 3949 1005 4014 libro
1022 3950 1219 4030 disputatum
1242 3953 1324 4026 esse‘,
1350 3949 1424 4034 quia
1520 4001 1524 4010 .

251 4057 413 4144 quomodo
438 4068 570 4123 servata
598 4058 781 4144 fragmenta
805 4055 971 4121 Andronis
995 4054 1079 4119 libro
1103 4056 1280 4120 inserenda
1303 4065 1424 4138 essent,

249 4167 413 4251 ignoravit
447 4187 584 4252 eamque
621 4165 661 4230 ob
698 4167 831 4230 causam
865 4163 1011 4229 libellum
1046 4164 1153 4250 ipsum
1182 4185 1297 4249 parum
1337 4174 1425 4227 reete

249 4271 419 4338 intellexit.

359 4489 379 4554 ¹)
399 4485 440 4542 Of.
453 4485 569 4548 Usener,
580 4486 768 4556 Sitzungsber.
781 4485 806 4538 d.
817 4485 894 4554 bayr.
909 4483 997 4538 Akad.
1010 4484 1033 4537 d.
1047 4482 1215 4537 Wisseusoh.
1229 4481 1305 4548 1892,
1319 4481 1370 4536 591
1385 4501 1425 4550 aq.

359 4577 379 4644 ²)
399 4575 435 4631 (li
452 4576 566 4642 Usener,
585 4575 722 4648 Epicurea
742 4575 801 4641 104,
820 4575 863 4630 23.
