3452 5316
708 415 877 513 m&

243 625 354 713 γάλιγ,
378 628 504 702 καλῶς
527 627 588 693 καὶ
614 632 699 703 τοῖς
722 651 784 692 κα·
883 629 1207 716 κακοῖςχρῆοέναι
1225 623 1423 693 δύνασθαι

242 740 327 810 κοῖς
349 731 582 822 χρήσασθαι
610 735 672 800 καὶ
700 740 786 810 τοῖς
884 737 947 800 καὶ
979 739 1065 810 τοῖς
1093 731 1291 823 ἀμόρφοις
1320 757 1424 818 γενο-

243 841 278 925 ἐξ
314 841 405 929 ἡμῶν
443 839 642 930 ἀμόρφοις
679 865 784 924 γενο-
883 841 1018 925 μένοις
1057 840 1114 917 εἰς
1151 839 1288 928 ἑτέρας
1326 865 1423 929 μορ-

243 949 379 1032 μὲνοις
399 947 456 1025 εἰς
472 945 627 1036 μορφὰς
648 947 785 1036 ἑτέρας
884 945 961 1035 ιγάς
984 951 1131 1037 χρῆσθαι
1157 945 1269 1035 ἱκανὴν
1293 941 1388 1014 εἶναι.

244 1057 410 1122 συντελεῖν
434 1053 612 1123 δύνασθαι.

288 1183 332 1249 Ut
360 1189 468 1248 autem
496 1202 631 1264 prorsus
660 1189 820 1265 coarguat
848 1201 917 1264 eoS,
950 1182 1003 1262 qui
1033 1187 1154 1263 negent
1182 1181 1423 1263 providentiam

197 1310 279 1372 esse,
305 1291 383 1370 quio
407 1297 456 1356 tot
480 1290 559 1355 boni
581 1291 729 1356 homines
752 1290 866 1356 miseri
889 1289 966 1371 sint,
991 1289 1071 1355 mali
1096 1297 1204 1354 autem
1229 1289 1343 1354 felices
1368 1308 1423 1354 ex-

197 1399 331 1478 sistant,
369 1397 467 1462 affert
497 1397 681 1463 Euxitheus
720 1398 897 1463 maximum
935 1397 1156 1462 testimonium
1198 1397 1423 1462 demonstrans

197 1505 380 1586 scelestum,
406 1505 471 1569 nisi
489 1505 617 1586 quidem
643 1505 767 1570 iamin
791 1511 881 1570 terra
897 1505 1052 1570 solvisset
1075 1522 1206 1586 poenus,
1232 1504 1274 1568 ad
1298 1502 1423 1568 inferos

197 1613 373 1678 demissum
404 1611 539 1677 meritas
568 1613 718 1677 daturum
744 1632 829 1692 esse,
861 1615 981 1676 bonum
1010 1617 1117 1676 eutem
1149 1612 1252 1675 adeo
1276 1609 1422 1692 praemio

197 1720 315 1784 merito
347 1719 501 1784 donatum
533 1718 585 1783 iri.
633 1720 715 1785 Tum
745 1720 990 1800 Theophrastus
1022 1737 1056 1783 se
1088 1717 1210 1783 vietum
1238 1717 1422 1797 confitetur,

197 1827 304 1891 nescit
332 1832 454 1906 autern,
487 1827 645 1905 quomodo
670 1826 743 1908 fiat,
776 1833 811 1891 ut
842 1831 891 1892 tot
919 1826 1065 1890 homines
1096 1825 1205 1889 manci
1236 1832 1268 1888 et
1299 1823 1423 1889 debiles

198 1939 390 2014 nascantur,
421 1952 616 2014 quamquam
640 1933 711 1999 vita
735 1933 845 2015 priore
870 1933 1002 1998 sublata
1026 1932 1107 1997 nihil
1131 1932 1246 1996 iniusti
1272 1930 1421 1996 fecerint.

199 2041 250 2104 Ad
274 2041 355 2105 haee
383 2042 558 2121 respondet
583 2041 767 2106 Euxitheus
796 2040 985 2106 debilitates
1014 2040 1091 2106 illas
1122 2059 1186 2104 non
1211 2039 1340 2104 animae
1363 2057 1423 2120 pu-

198 2147 337 2212 niendae
361 2167 461 2212 eausa
486 2148 641 2227 existere,
672 2149 729 2212 sed
758 2149 935 2229 procedere
960 2167 1000 2212 ex
1024 2165 1196 2229 corporum
1220 2147 1308 2212 mala
1331 2165 1423 2211 orea-

197 2254 296 2321 tione.
350 2255 480 2322 Similia
512 2258 650 2337 praebet
679 2255 829 2321 Plotinus
862 2256 896 2321 in
928 2255 1051 2336 eapite,
1088 2274 1150 2334 quo
1182 2256 1424 2319 demonstratur

198 2363 333 2442 formas
358 2381 439 2442 quas
457 2361 577 2427 Graeci
602 2359 694 2438 ἰδέας
717 2369 845 2444 vocant,
871 2364 974 2428 adeo
999 2361 1091 2442 oriri,
1117 2362 1151 2425 in
1172 2361 1289 2426 mundo
1314 2367 1422 2425 autem

197 2469 274 2535 illas
299 2469 425 2551 speeies
449 2489 547 2550 saepe
571 2469 742 2534 suffocari:

197 2595 282 2675 31,ι
317 2590 449 2658 Τούτων
478 2590 575 2678 ἔγωγε
604 2590 646 2659 τὰ
676 2591 782 2660 πολλὰ
838 2595 867 2658 V
891 2596 958 2676 9,ro
982 2595 1094 2659 ποδῶν
1110 2591 1147 2658 δὲ
1163 2591 1284 2688 χιολοία
1302 2591 1333 2680 [ιγ
1348 2590 1420 2679 μὲν]

242 2697 394 2783 σώματος
425 2701 611 2782 συντυχίαν,
648 2699 687 2767 οὐ
719 2715 783 2788 ilm-
883 2698 943 2788 ἤδη
973 2699 1007 2765 ἐν
1030 2703 1070 2784 τῇ
1099 2699 1221 2784 γενέσει
1246 2697 1285 2765 οὐ
1308 2697 1422 2787 κρατὴ-

240 2811 300 2895 χῆς
318 2807 481 2893 τιμωρίαν
498 2800 582 2874 εἶναι
599 2809 781 2894 λογίζομαι.
883 2831 1000 2884 οαντος
1024 2805 1130 2891 λόγον,
1163 2805 1181 2895 ἡ
1205 2807 1242 2874 δὲ
1266 2807 1300 2873 ἐκ
1323 2805 1422 2894 τύχης

240 2918 299 3001 τῆς
328 2911 390 3000 γὰρ
418 2911 521 3003 ἀρχῆς
548 2913 593 3003 μὴ
617 2913 782 3002 ἀρχούσης
882 2912 966 3003 λύμη
991 2919 1050 2980 τοῦ
1073 2917 1192 2990 εἲάονς.

242 3017 364 3110 ἀνάγκη
397 3019 438 3086 τὰ
470 3019 614 3105 ἑπόμενα
652 3020 782 3111 euprepe-

242 3136 374 3215 paedor.

287 3271 424 3336 Addidit
447 3251 631 3336 Etixitheus
661 3271 784 3338 similia
813 3272 860 3337 eis
889 3291 971 3351 quae
1000 3271 1066 3336 iam
1091 3277 1189 3336 antea
1213 3271 1307 3354 dixit,
1337 3291 1422 3337 mor-

197 3381 272 3442 bum
297 3398 360 3443 non
385 3379 420 3443 in
443 3379 540 3444 malis
564 3381 741 3460 putandum
768 3399 849 3460 esse,
882 3379 959 3458 quia
984 3382 1087 3444 bonos
1115 3381 1156 3444 ab
1182 3379 1267 3443 iuste
1295 3380 1422 3460 agendo

196 3503 260 3550 non
284 3486 466 3567 prohibeat,
491 3487 595 3552 malos
620 3494 726 3551 autem
745 3493 895 3552 coereeat
911 3507 951 3552 ne
968 3486 1161 3552 criminibus
1185 3505 1220 3552 se
1238 3487 1324 3552 dent.
1350 3489 1422 3570 Qua

196 3591 232 3657 in
255 3598 349 3674 perte
366 3594 495 3659 Aeneas
519 3613 623 3674 paene
647 3595 840 3659 adverbum
864 3593 1021 3660 nonnulla
1044 3594 1211 3660 ePlotino
1236 3595 1420 3676 descripsit.

196 3717 250 3799 33,
267 3748 294 3786 ro
312 3715 418 3794 Ὅλως
441 3717 615 3784 demerim
638 3717 781 3784 καὶνό-
836 3719 888 3783 ΙΙΙ
913 3721 972 3801 2,ι
1010 3719 1154 3786 Πενίαι
1180 3718 1231 3785 ἀὲ
1261 3719 1325 3785 καὶ
1361 3716 1421 3784 νό-

242 3847 308 3900 οος
342 3826 396 3890 καὶ
432 3823 473 3889 τὰ
508 3823 664 3910 λεγόμενα
698 3824 781 3892 κακὰ
881 3850 948 3892 οοι
993 3831 1086 3902 τοῖς
1132 3825 1205 3910 μὲν
1251 3823 1422 3911 ἀγαθοῖς

241 3937 325 4008 τοῖς
359 3933 428 4016 μὲν
463 3929 634 4013 ἀγαθοῖς
668 3931 782 3999 οὐδὲν
881 3931 1009 4010 οὐδὲν,
1038 3939 1109 4010 τοῖς
1132 3933 1169 4000 ἀὲ
1191 3939 1303 4010 κακοῖς
1328 3956 1421 4016 συμ-

385 4045 456 4116 τοῖς
491 4039 527 4106 ἀὲ
559 4039 782 4128 φαυλοτάτοις
881 4038 995 4129 ιγορά.

243 4143 425 4235 συμφορὰ
451 4147 628 4230 κομίζεται.

286 4272 450 4338 Accedere
475 4275 559 4353 quod
583 4276 662 4338 deus
687 4274 870 4356 prospiciat
894 4275 1003 4340 omnia
1031 4295 1095 4340 non
1119 4275 1222 4339 solum
1248 4294 1330 4355 quae
1354 4274 1420 4341 iem

199 4379 333 4461 fuerint,
359 4381 415 4446 sed
441 4381 540 4446 etiam
557 4400 639 4460 quae
664 4382 762 4462 longo
787 4389 861 4462 post
885 4389 1030 4464 tempore
1055 4388 1213 4447 eventura
1236 4382 1312 4447 sint.
1353 4382 1421 4448 Ita-

196 4505 258 4568 que
290 4488 382 4552 deum
410 4489 612 4568 hominibus
645 4508 724 4568 quos
756 4489 859 4554 malos
887 4488 959 4554 fieri
990 4490 1196 4571 cognoverit,
1228 4490 1420 4572 saepissime

197 4595 389 4661 facultatem
413 4596 568 4662 iniuriam
597 4596 741 4661 t'aeiendi
766 4599 894 4662 demere
917 4617 1050 4662 maneos
1075 4604 1108 4662 et
1131 4598 1256 4664 debiles
1281 4618 1335 4664 eos
1361 4599 1420 4662 lin-
