3522 5310
718 319 931 420 A..

233 519 410 582 certamine
450 539 580 603 quoque
619 518 825 603 potissimum
863 515 1021 602 populum
1065 518 1202 607 capiant.
1249 516 1317 581 Sed
1348 503 1414 602 Jper

232 623 390 690 Panidem
414 624 570 689 arbitrum
594 622 760 688 Hesiodus
784 622 925 710 palmam
951 621 1023 688 lert.
1066 628 1107 694 ‘0
1131 631 1168 694 δὲ
1191 630 1333 717 βασιλεὺς
1355 630 1410 693 τὸν

225 739 372 802 Ἡσίοδον
408 737 617 824 ἐστεφάνωσεν
650 735 736 818 εἰπὼν
766 736 885 800 δίκαιον
913 732 987 800 είναι
1015 738 1067 800 τὸν
1098 737 1144 800 ἐπὶ
1175 738 1326 824 γεωργίαν
1357 737 1410 800 καὶ

231 845 348 932 εἰρήνην
369 843 616 930 προκαλούμενον
632 849 726 918 νικᾶν,
752 843 786 906 οὐ
802 843 856 906 τὸν
876 845 1027 928 πολέμους
1042 844 1093 906 καὶ
1109 845 1230 931 σφαγὰς
1246 843 1409 922 διεξιόντα.

232 945 338 1026 Quam
367 944 508 1032 palmam
544 966 585 1009 sn
619 967 686 1009 non
714 967 816 1030 pravo
851 943 965 1008 arbitri
999 945 1130 1024 iudicio,
1167 954 1202 1009 ut
1233 945 1410 1012 Kirchhof·

230 1053 327 1134 fius¹)
352 1052 527 1134 contendit,
556 1051 723 1117 Hesiodus
753 1051 880 1130 debeat,
914 1051 1003 1117 hsud
1032 1055 1111 1118 scio.
1160 1053 1263 1119 Immo
1287 1053 1350 1117 hac
1373 1075 1409 1118 re

228 1160 413 1227 luculenter
436 1159 679 1224 demonstratur
702 1158 822 1245 populo
846 1162 922 1224 trita
946 1162 1087 1244 vestigia
1103 1162 1265 1246 prementi
1289 1181 1408 1224 recens

231 1265 354 1354 aliquid
378 1289 576 1353 quemquam
604 1265 728 1331 bonum
758 1287 824 1332 non
852 1266 994 1352 probari,
1025 1265 1157 1332 doctum
1187 1276 1293 1332 autem
1320 1267 1408 1332 haud

230 1379 391 1462 ignorare,
424 1383 531 1438 utrum
565 1383 721 1460 praestet,
753 1375 816 1438 etsi
839 1376 1037 1460 posteriores
1067 1376 1138 1439 eius
1167 1375 1324 1439 iudicium
1348 1377 1407 1438 im·

229 1481 461 1571 probaverunt.
511 1480 577 1546 Sed
600 1503 659 1567 pro
684 1502 743 1545 suo
768 1489 915 1566 tempore
939 1491 1028 1546 recte
1052 1481 1195 1547 Panides
1228 1481 1405 1564 iudicavit3

230 1591 294 1656 nisi
317 1588 456 1654 Hesiodi
480 1590 707 1654 sarminetum
731 1589 843 1673 magni
867 1598 922 1653 eut
937 1588 1082 1653 Homero
1106 1587 1209 1675 pluris
1233 1591 1405 1654 aestimate

231 1707 353 1768 essent,
389 1717 556 1782 nunquam
592 1695 758 1760 Hesiodus
796 1695 931 1760 Homeri
962 1697 1066 1761 victor
1101 1695 1241 1783 talisque
1272 1694 1404 1762 fabulae
1504 1778 1508 1788 Ι

230 1805 336 1870 exitus
359 1803 439 1888 fingi
464 1805 575 1889 potuit.
607 1805 715 1888 Atque
741 1803 835 1867 huius
861 1804 1048 1868 certaminis
1077 1805 1219 1868 narratio
1247 1825 1264 1868 e
1289 1821 1405 1890 poetae

230 1911 400 1978 cuiusdam
425 1911 557 1995 ingenio
589 1909 667 1974 ficta
695 1919 755 1992 est,
785 1911 878 1974 cuius
907 1932 1025 1974 nomen
1057 1909 1220 1976 oblivione
1253 1911 1403 1976 obrutum

230 2042 305 2084 esse
329 2019 471 2111 maxime
495 2016 672 2082 dolendum
697 2027 757 2081 est.

319 2115 370 2190 Ite
405 2137 531 2210 septem
578 2146 708 2211 quoque
748 2127 943 2210 sapientium
983 2136 1165 2190 conventus
1205 2125 1302 2191 lictus
1342 2136 1403 2190 cst.

228 2232 393 2298 Plutarch.
440 2230 504 2298 Sol.
541 2234 562 2297 4
602 2238 746 2324 γενέσθαι
786 2239 823 2302 δὲ
857 2231 923 2325 μετ’
960 2237 1103 2318 ἀλλήλων
1139 2237 1169 2302 ἔν
1203 2262 1239 2302 τε
1273 2236 1404 2326 Δελφοῖς

229 2347 306 2433 ὁμοῦ
339 2348 483 2431 λέγονται
515 2346 566 2410 καὶ
595 2345 685 2408 πάλιν
715 2345 746 2408 ἐν
769 2345 912 2431 Κορίνῦῳ
936 2345 1121 2432 Περιάνδρου
1153 2344 1306 2430 σύλλογόν
1334 2369 1403 2410 τινα

230 2455 329 2518 κοινὸν
353 2452 452 2516 αὐτῶν
475 2453 527 2516 καὶ
550 2453 713 2538 συμπόσιον
737 2454 1038 2528 κατασκευάσαντος.
1087 2447 1420 2532 Diog.Laert.140-

224 2561 406 2648 Ἀρχέτιμος
428 2560 465 2624 δὲ
488 2560 504 2622 ί
526 2558 732 2646 Συρακούσιος
754 2553 864 2636 (FHG
888 2555 936 2620 IV
959 2555 1040 2638 318)
1065 2561 1185 2647 ὁμιλίαν
1208 2560 1307 2624 αὐτῶν
1332 2560 1403 2624 ἀνα-

227 2671 365 2756 γέγραφε
387 2669 471 2754 παρὰ
493 2666 638 2754 Κυψέλῳ,
662 2662 682 2756 ᾗ
703 2668 755 2732 καὶ
788 2667 881 2742 αὐτός
915 2688 987 2755 φησι
1014 2674 1189 2754 περιτυχεῖν,
1207 2666 1344 2755 Ἔφορος
1366 2669 1403 2731 δὲ

227 2778 310 2862 παρὰ
336 2774 460 2861 Κροίσῳ
490 2775 567 2853 πλὴν
596 2771 714 2840 Θαλοῦ.
762 2776 835 2862 φασὶ
861 2777 898 2838 δέ
927 2796 1005 2851 τινες
1034 2775 1086 2838 καὶ
1116 2777 1146 2838 ὲν
1170 2774 1322 2860 Πανιωνίῳ)
1350 2777 1403 2839 καὶ

228 2881 416 2969 ἐνΚορίνῦῳ
440 2883 492 2946 καὶ
516 2882 546 2944 ἐν
562 2879 692 2969 Δελφοῖς
715 2881 870 2946 συνελθεῖν
887 2881 1005 2960 αὐτούς.
1053 2876 1106 2941 Ad
1124 2876 1225 2942 verba
1240 2876 1401 2962 Diogenis

228 2985 349 3054 Laertii
365 2987 496 3077 Ἔφορος
518 2990 554 3052 δὲ
577 2991 659 3075 παρὰ
681 2988 804 3076 Κροίσῳ)
834 2990 911 3069 πλὴν
937 2987 1045 3056 Θαλοῦ
1074 2983 1293 3072 supplendum
1325 3007 1401 3048 esse

227 3098 347 3184 ὁμιλίαν
370 3096 470 3160 αὐτῶν
493 3097 690 3184 ἀναγέγραφε
705 3103 851 3178 apparet,
870 3113 1068 3178 quamquam
1086 3092 1250 3176 Roepcr2)
1275 3090 1403 3156 dubitat

228 3211 260 3264 et
275 3197 460 3264 Bohrenius
484 3197 504 3263 l.
530 3197 549 3262 l.
568 3222 599 3285 p.
616 3199 658 3262 o?
684 3198 779 3262 dicit:
805 3201 888 3280 Quid
903 3201 946 3264 ud
975 3199 1065 3265 uerba
1080 3203 1275 3293 Ἔφορος-
1292 3201 1400 3272 Θαλοῦ

225 3305 434 3390 supplendum
456 3309 508 3388 sit,
533 3306 666 3388 difficile
689 3307 775 3372 dictu
798 3309 867 3371 erit.

315 3413 525 3478 Archetimus
541 3414 639 3498 igitur
655 3411 882 3499 Syracusanus
898 3415 1043 3478 narravit
1058 3423 1254 3479 conventum
1273 3423 1397 3499 septem

225 3521 420 3606 sapientium
454 3519 542 3606 apud
567 3519 744 3606 Cypselum
780 3519 925 3585 habitum
956 3543 1041 3602 esse,
1071 3519 1132 3585 sed
1167 3521 1322 3608 quoniam
1346 3519 1399 3584 hic

225 3637 339 3693 auctor
376 3628 471 3692 nobis
511 3649 646 3714 prorsus
686 3630 816 3712 ignotus
856 3639 907 3692 est
944 3627 1033 3700 (vide
1071 3628 1158 3692 infra
1188 3651 1219 3714 p.
1245 3629 1287 3693 42
1324 3629 1398 3714 σῳ),

224 3736 363 3821 primum
400 3735 441 3800 de
477 3735 631 3822 Ephoro
666 3735 878 3816 disseremus,
916 3737 979 3821 qui
1015 3746 1164 3821 septem
1197 3737 1398 3823 sapientes
1445 3755 1449 3764 ’

224 3842 326 3929 apud
355 3842 543 3908 Croesum
574 3845 872 3922 convenientes,
909 3843 1079 3907 fortasse
1115 3845 1231 3908 etiam
1267 3845 1397 3907 convi-

224 3960 363 4014 vantes
385 3948 482 4014 fecit
511 3949 618 4036 (Diod.
645 3949 695 4014 IX
719 3949 810 4025 262:
836 3955 887 4030 οῦς
911 3949 968 4036 (sc.
995 3959 1122 4037 septem
1147 3949 1323 4036 sepientes)
1353 3955 1394 4019 iu*

223 4067 280 4139 τὰς
315 4061 462 4140 ἑστιάσεις
494 4064 546 4126 καί
572 4065 609 4126 τὸ
634 4065 789 4149 συνέδριον
817 4059 891 4150 εἶχεν
927 4057 985 4142 (so.
1016 4056 1176 4140 Croesus)
1207 4063 1238 4127 έν
1267 4065 1396 4151 μεγίστῃ

222 4174 321 4259 τιμῇ),
339 4165 427 4251 apud
450 4162 541 4230 illum
557 4165 654 4249 igitur
670 4165 851 4250 principem
873 4167 929 4251 qui
946 4163 1084 4230 Graecis
1107 4187 1203 4230 carus
1224 4175 1395 4249 acceptus·

223 4294 287 4358 que
321 4271 393 4350 fuit,
430 4273 487 4358 qui
514 4281 549 4336 ut
577 4271 671 4336 dives
702 4271 910 4352 etliberalis
935 4282 967 4336 et
994 4271 1204 4337 humanitatis
1229 4271 1396 4337 studiosus

223 4401 351 4444 summo
391 4401 465 4443 cum
504 4378 611 4444 studio
650 4378 771 4444 fabulis
810 4379 1038 4446 exornabatur.
1098 4380 1162 4461 Qui
1202 4401 1276 4444 cum
1315 4403 1395 4446 suae

222 4489 434 4496 ...n-——fl—-ss

313 4522 332 4580 ’ί
352 4519 540 4588 Sitzungsber.
561 4519 586 4574 d.
606 4519 710 4574 Berlin.
731 4519 819 4575 Akad.
841 4519 909 4573 1892
929 4539 955 4590 p.
974 4521 1028 4576 865
1038 4537 1077 4589 sq.

312 4611 332 4675 ’ί
352 4609 451 4666 Philol.
471 4607 512 4664 III
532 4609 624 4679 (1848)
643 4629 669 4680 p.
689 4610 732 4664 39.
