3522 5310
750 1845 905 1982 Caput
943 1846 975 1956 Ι.

279 2101 353 2190 Quo
377 2103 537 2187 tempore
562 2101 698 2185 septem
715 2099 934 2185 saplentlum
950 2099 1134 2182 catalogus
1158 2099 1375 2167 constitutus
1392 2099 1450 2167 sit.

366 2296 546 2362 Academia
569 2297 735 2362 Platonica
759 2321 787 2362 a.
806 2321 837 2385 p.
856 2297 929 2364 Ohr.
950 2321 979 2363 n.
996 2297 1061 2363 529
1086 2321 1105 2362 a
1126 2297 1307 2362 iustiniano
1324 2296 1453 2362 sublata

281 2426 354 2468 cum
367 2406 568 2490 antiquitatis
580 2405 767 2470 firmissima
781 2407 957 2470 auctoritas
969 2403 1074 2470 fracta
1086 2415 1185 2486 esset,
1201 2404 1450 2468 Atheniensium

279 2511 422 2598 supremi
439 2509 624 2598 philosophi
643 2515 697 2598 qui
714 2512 797 2577 forte
814 2523 940 2600 septem
962 2534 1098 2577 numero
1116 2522 1217 2589 erant,
1246 2510 1451 2597 platanorum

279 2615 388 2694 elucis
397 2621 524 2703 egressi
534 2621 567 2684 in
576 2629 732 2684 remotam
740 2642 907 2704 magorum
916 2630 1035 2684 terram
1043 2618 1213 2684 Persidem
1225 2617 1450 2684 decesserunt.

280 2725 345 2789 Sed
363 2748 437 2791 curn
450 2729 573 2791 nonita
588 2725 688 2790 multo
701 2737 776 2813 post
788 2726 918 2792 domum
936 2726 1100 2812 sedesque
1120 2749 1197 2792 suas
1215 2725 1451 2797 desiderarent,

281 2831 458 2916 Chosroes,
483 2855 541 2898 rex
565 2833 750 2916 Persarum,
776 2833 885 2899 effecit
909 2833 1066 2920 singulari
1091 2832 1284 2898 condicione
1308 2835 1400 2922 pacis
1424 2857 1452 2898 a.

279 2939 344 3004 533
362 2963 437 3004 cum
453 2940 634 3007 iustiniano
652 2942 768 3025 factae,
795 2954 829 3007 ut
844 2941 1024 3007 incolumes
1049 2944 1082 3007 in
1098 2944 1234 3028 patriam
1260 2941 1406 3007 redirent
1414 2941 1447 3026 ¹).

281 3045 353 3128 Quo
388 3047 475 3113 facto
501 3071 676 3115 successor
700 3049 903 3114 infensorum
926 3050 959 3113 in
988 3049 1208 3114 Athenienses
1232 3049 1374 3114 hostium
1406 3051 1452 3113 in·

280 3156 406 3239 signem
437 3165 610 3221 assecutus
647 3167 697 3220 est
728 3154 874 3242 gloriam.
922 3156 1057 3242 lamque
1089 3156 1211 3220 dudum
1249 3155 1452 3220 Athenarum

279 3260 447 3326 academia
471 3262 581 3327 fabula
605 3263 692 3328 facta
710 3265 903 3329 exstiterunt
927 3265 983 3350 qui
1005 3275 1174 3328 narrarent
1197 3264 1324 3328 Leontii
1352 3261 1451 3327 liliam

279 3391 363 3454 quae
388 3379 502 3455 postea
525 3369 702 3435 Theodosii
728 3371 761 3435 II
789 3393 872 3435 uxor
895 3371 1044 3436 Eudocia
1067 3371 1304 3452 nominabatur,
1327 3379 1451 3456 septem

279 3474 498 3540 Athenienses
512 3476 725 3563 philosophos
744 3476 1058 3564 Constantinopolim
1077 3481 1245 3542 comitatos
1263 3500 1337 3542 esse
1355 3488 1451 3564 atque

278 3585 504 3669 imperatorem
523 3583 747 3650 Theodosium
763 3584 884 3650 adisse.
909 3586 1048 3650 Nomina
1062 3607 1176 3651 eorum
1192 3587 1309 3672 partim
1323 3585 1453 3650 Graeca
1530 3633 1541 3660 .

278 3691 395 3775 partim
418 3690 534 3756 Latina
559 3702 647 3756 sunt:
683 3691 820 3764 Oranus,
851 3693 966 3770 Carus,
996 3691 1126 3779 Pelops,
1150 3693 1269 3776 Nerva,
1300 3691 1451 3758 Silvanus

278 3796 423 3884 Apelles,
453 3797 593 3864 Curvus.
641 3799 732 3880 Quos
762 3798 968 3864 Theodosius
997 3803 1029 3864 in
1059 3799 1310 3887 hippodromum
1339 3823 1451 3864 secum

279 3904 379 3988 duxit,
405 3904 460 3970 ubi
485 3908 581 3971 unius
605 3904 783 3972 alteriusve
812 3917 940 3972 statuae
970 3909 1099 3972 arcanis
1132 3908 1451 3994 interpretationibus

278 4033 417 4077 acumen
450 4015 571 4097 ingenii
606 4012 865 4100 exhibuerunt.²)
912 4015 963 4079 lta
1002 4015 1202 4080 demoriente
1243 4014 1447 4080 Graecorum

278 4118 485 4207 philosophia
526 4131 652 4207 septem
699 4123 864 4208 sapientes
902 4121 1014 4187 lucent
1045 4133 1211 4208 tamquam
1244 4120 1347 4187 ultimi
1372 4123 1450 4186 solis

279 4225 483 4294 Graecorum
508 4227 598 4294 radii.

331 4373 489 4382 unu-*aa-

387 4462 405 4524 ¹)
424 4459 524 4530 agam
545 4461 608 4515 aas.
628 4461 655 4515 11
674 4462 709 4516 ao
728 4481 768 4531 sq.
789 4463 832 4516 sc.
853 4463 941 4518 eona.
961 4482 987 4532 p.
1009 4463 1068 4516 131.

384 4548 405 4615 ²)
424 4548 526 4618 Georg.
546 4548 641 4605 Oodin.
663 4551 697 4605 de
722 4552 809 4620 signis
829 4553 871 4606 ed.
892 4553 980 4608 Bonn.
1009 4572 1036 4622 p.
1066 4553 1107 4608 h6.
1148 4553 1343 4622 Gregorovius.
1365 4553 1449 4607 Athe-

277 4638 336 4691 nais
357 4657 382 4707 p.
401 4637 443 4693 65.
465 4639 525 4692 121.

1238 4735 1267 4786 1*
