3452 5314
702 431 868 528 El„

243 645 355 710 Etiam
384 643 589 709 Manilius
614 643 741 709 Graece
769 643 901 708 flexisse
925 643 1072 709 videtur:
1111 642 1239 725 sphoten
1261 644 1290 712 V
1317 644 1380 708 126

155 752 320 836 (sphoetern
344 753 372 816 L
400 770 483 817 corr.
509 749 682 835 Scaliger),
713 751 771 815 sed
794 750 949 816 Latinam
974 749 1106 816 tertiam
1130 750 1380 816 declinationem

154 860 324 942 amplexus
349 865 408 940 est,
433 877 505 924 cum
529 858 665 939 scripsit
691 857 842 941 Tydiden
866 858 883 923 Ι
908 858 981 923 763.

244 967 499 1034 Germanicus
528 973 643 1032 contra
666 965 827 1047 praetulit
850 965 1013 1031 Graecam
1037 965 1300 1032 terminationem
1325 990 1380 1051 -ην

153 1075 295 1141 nominis
324 1074 443 1139 tertiae
472 1072 720 1139 declinationis:
763 1072 964 1157 Ganymeden
987 1072 1122 1156 (Phaen.
1145 1073 1224 1138 318:
1249 1072 1379 1138 PB⁸Lo

152 1205 205 1248 -en
234 1182 312 1247 At*
337 1181 389 1266 ·e).

242 1289 444 1354 Phaedrus
474 1288 572 1368 plane
600 1287 720 1354 Latine
752 1287 932 1354 declinavit
962 1289 1171 1372 rnarparttam
1201 1287 1377 1368 11112,2.

242 1405 282 1470 In
305 1405 475 1470 Senecae
499 1404 680 1485 tragoediis
697 1404 824 1470 Graece
841 1404 1010 1470 terminati
1027 1411 1104 1469 sunt
1126 1403 1161 1468 hi
1181 1403 1379 1470 accusativi:

242 1514 374 1577 Alciden
397 1512 530 1588 (Phaed.
549 1512 613 1577 849
638 1511 724 1576 He.
743 1512 816 1590 257,
841 1513 915 1593 271,
937 1511 1016 1577 51οῑ
1041 1511 1103 1576 ΕΑ
1128 1511 1272 1578 Attidem
1296 1530 1379 1576 corr.

153 1619 303 1700 Bothius,
328 1619 406 1683 892;
433 1619 493 1682 ΕΑ
509 1620 592 1684 —dem
617 1618 913 1714 cornGronoviuS,
941 1618 1040 1683 1320:
1064 1618 1126 1682 EA
1142 1619 1226 1684 -dern
1250 1637 1333 1683 corr.
1352 1638 1380 1699 ς,

157 1728 251 1806 1352,
284 1727 377 1805 1353,
407 1726 628 1822 1493,1511,
656 1725 753 1806 1516,
784 1727 878 1806 1596,
910 1726 1005 1807 1723,
1034 1726 1129 1806 1761,
1159 1725 1380 1811 1874,1896)

153 1833 289 1898 Atriden
313 1831 387 1916 (Ag.
411 1831 506 1916 275);
545 1833 656 1898 Aeeten
687 1833 784 1917 (Med.
806 1833 886 1898 527:
911 1841 1006 1898 aetem
1031 1833 1060 1897 E
1092 1833 1237 1898 oeternA
1268 1841 1381 1898 ceetem

154 1939 290 2024 Aldina)
332 1938 523 2025 Lerreotenl)
549 1939 687 2022 (Phaed.
706 1939 810 2024 1014)
857 1937 986 2006 Oresten
1018 1939 1107 2024 (Tro.
1125 1940 1190 2005 555
1222 1940 1284 2022 Ag.
1302 1939 1380 2024 931)

153 2047 287 2130 Scythen
310 2045 400 2126 (uf.
420 2046 518 2111 121οι
543 2047 574 2110 E
589 2045 663 2131 ern)
697 2046 850 2130 Thyesten
874 2046 969 2131 (Thy.
988 2047 1067 2110 476;
1092 2046 1211 2128 A-em,
1235 2046 1313 2132 937)
1338 2085 1379 2094 -

154 2155 287 2220 Arcaea
317 2153 415 2238 (Med.
433 2153 498 2218 373
528 2154 649 2219 Phaed.
667 2153 710 2219 58
742 2153 820 2218 Oed.
839 2154 918 2218 428:
944 2153 974 2216 Α
997 2159 1070 2236 ern)
1124 2153 1257 2237 Ganpen
1287 2153 1379 2238 (Oed.

154 2261 234 2325 427:
260 2261 290 2326 R
313 2283 364 2325 -en
393 2261 454 2326 ΕΑ
477 2259 562 2345 -enc).

245 2367 399 2433 Latinam
429 2367 693 2433 terminationem
722 2387 819 2433 unum
847 2369 941 2433 modo
970 2387 1086 2433 nomen
1109 2367 1254 2449 accepit:
1288 2365 1380 2433 Oedi-

150 2476 270 2556 podam
294 2474 385 2560 (Oed.
405 2475 507 2541 1003:
533 2477 562 2540 A
586 2475 671 2560 -ern).

243 2583 283 2646 In
297 2582 545 2664 epigrammatis
563 2583 647 2647 idem
658 2589 756 2664 poeta
764 2583 890 2648 Graece
903 2582 988 2648 dixit
998 2583 1245 2648 Telarnonr'aden
1261 2583 1340 2648 XLI
1349 2583 1379 2646 3.

244 2699 438 2766 Octaviae
462 2705 560 2781 poeta
576 2699 732 2763 Latinam
755 2699 1022 2764 terminationem
1045 2698 1148 2764 solam
1173 2698 1325 2764 adhibuit
1349 2705 1381 2762 et

153 2807 280 2889 primae
304 2806 552 2872 declinationis:
586 2813 733 2873 mnretarn
757 2807 821 2872 232
846 2813 879 2871 61
902 2806 1038 2872 tertiae:
1065 2807 1208 2872 Attidem
1233 2806 1307 2870 816.

244 2914 326 2979 Item
356 2914 517 2979 Persius
554 2913 691 2995 scripsit
725 2915 892 2996 soperclum
919 2915 948 2980 V
977 2914 1038 2978 134
1078 2919 1110 2978 61
1139 2912 1237 2993 plane
1267 2911 1380 2977 latini-

153 3027 280 3087 zatum:
309 3027 452 3105 ponsape
473 3021 521 3088 IV
538 3021 579 3086 37
604 3017 848 3108 5666666161).

245 3138 426 3204 Lucanus
461 3143 570 3203 autem
601 3138 750 3203 omnibus
783 3137 866 3202 locis
898 3137 1098 3204 Graecorum
1129 3135 1381 3202 declinationem

153 3245 317 3313 servavit:

245 3353 379 3419 Alciden
402 3351 545 3433 17611,
579 3352 764 3434 Euphraten
788 3351 913 3434 11633,
930 3351 1013 3419 Vlll
1031 3353 1105 3433 214,
1127 3351 1160 3416 Χ
1177 3352 1220 3417 33
1250 3353 1382 3418 Masso-

152 3468 240 3546 peren
262 3461 298 3526 Il
320 3460 364 3526 50
394 3459 554 3542 Niphaten
577 3459 630 3525 III
654 3459 718 3524 245
743 3459 818 3545 (ern
834 3459 921 3544 PU);
959 3460 1076 3525 Persen
1098 3459 1133 3523 H
1157 3460 1222 3524 672
1246 3459 1382 3544 (persam

154 3569 250 3649 Puvg
279 3589 400 3634 xersen
422 3567 511 3634 VUZ
536 3565 597 3653 [en]
628 3589 744 3634 canen
768 3565 802 3653 [n
818 3587 858 3632 ex
874 3565 917 3654 m]
943 3567 974 3634 G
1004 3589 1110 3633 sersen
1133 3567 1242 3648 lllZGp
1264 3565 1381 3654 [-ern]);

157 3682 288 3742 cometen
318 3675 422 3740 1529
447 3674 489 3760 (V
513 3697 581 3740 -arn
610 3675 739 3758 U-em)
779 3713 821 3722 -
859 3674 992 3742 Araxen
1021 3675 1086 3743 VII
1113 3675 1380 3754 mavilium

156 3783 232 3868 (ΜΖ
255 3803 286 3848 -6
314 3781 377 3848 Gm
400 3781 476 3867 -ern)
510 3781 640 3866 Ganpen
664 3782 696 3846 X
721 3782 762 3847 33
794 3781 970 3865 Hydaspen
992 3781 1045 3847 III
1070 3783 1143 3847 236.

246 3898 343 3980 Apud
366 3897 594 3963 Petronium
618 3899 751 3964 nomina
774 3898 870 3964 huius
887 3898 1028 3981 generis,
1053 3917 1136 3978 quae
1160 3897 1225 3962 nisi
1249 3897 1283 3961 in
1308 3916 1383 3979 pro-

156 4005 247 4071 saico
277 4012 433 4071 contextu
468 4025 532 4071 non
565 4005 792 4087 inveniuntur,
833 4005 1057 4071 accusativum
1094 4010 1152 4071 aut
1182 4005 1383 4070 Graecorum

156 4132 247 4179 more
275 4112 426 4178 flectunt:
467 4115 634 4180 choraulen
662 4113 814 4194 53,13,6
847 4151 889 4159 -
920 4113 1146 4178 Demosthenen
1171 4114 1199 4190 2,
1218 4111 1249 4192 5,
1266 4143 1290 4192 2,
1327 4117 1384 4176 aut

157 4219 368 4287 Latinorum:
402 4221 610 4305 nrarparitarn
633 4221 685 4302 64,
704 4221 734 4299 9,
752 4217 811 4305 13).

249 4435 268 4504 ¹)
287 4435 339 4488 Sed
358 4435 546 4488 nominativus
565 4435 687 4489 Graecus
706 4432 855 4494 Λευκάτας,

248 4524 444 4595 ²)Bednara
467 4523 484 4579 l.
499 4540 521 4579 c.
541 4540 566 4592 p.
580 4523 632 4578 345
652 4524 717 4592 (33).

248 4615 268 4683 ⁸)
288 4614 398 4668 Summa
421 4618 465 4668 est
489 4613 623 4667 dissensio
647 4612 679 4666 de
699 4613 813 4666 Petroni
838 4612 895 4665 loco
920 4613 1044 4679 prosaico
1069 4612 1111 4679 35,
1125 4614 1150 4675 4,
1164 4633 1183 4680 a,
1209 4627 1261 4676 quo
1282 4612 1305 4664 si
1329 4616 1384 4664 oto·

212 4755 362 4808 Zwlener,
383 4757 416 4798 De
431 4765 517 4800 vocum
533 4756 683 4798 Graecarum
699 4765 744 4797 usu
1261 4737 1278 4790 6
