3496 5310
765 417 807 484 15

173 634 344 703 enuntiare
367 637 500 701 ooaotus
524 634 600 700 eet?
645 632 770 699 nullam
793 629 940 714 equidem
963 627 1106 698 invenio.
1153 627 1294 711 denique
1324 627 1397 695 Bir-

173 742 251 810 tium
274 740 368 823 sequi
390 758 456 806 uon
479 757 620 823 possum,
645 757 718 805 eum
742 737 825 805 uicit.
848 735 892 823 (p.
910 735 982 822 lbi:
1151 747 1153 754 ’

261 849 364 934 „Eine
393 848 602 933 Beetiiiipnnp
623 846 689 931 fiir
718 845 914 930 dreiao'ibt'paa
947 843 1089 928 Orpheae
1122 844 1220 910 bieten
1249 842 1400 912 maudut

172 958 221 1024 die
248 955 608 1042 Verputaausctaflea,
640 954 690 1021 die
712 974 748 1022 ao
771 953 876 1038 iiufip
899 951 1106 1020 numeneus
1128 957 1203 1019 nott
1225 950 1398 1033 Mnesteus,

178 1057 340 1148 Orphme
362 1069 438 1131 moti
463 1061 607 1146 Orpheus
630 1061 837 1147 anfweiaen“.

260 1165 449 1255 ‘Orpheae’
479 1175 515 1238 et
545 1163 752 1240 ‘Mnesterem'
784 1167 873 1234 nullo
902 1166 936 1234 in
969 1166 1096 1249 oodioe,
1130 1169 1288 1248 quantum
1320 1163 1398 1246 ooio,

172 1275 392 1346 inveniuntur.
440 1294 459 1343 e
489 1294 622 1342 numero
654 1274 896 1359 quinquaginta
926 1273 1066 1357 quinque
1090 1273 1232 1340 locorum
1255 1271 1400 1356 Vergili·

172 1403 305 1454 anorum
329 1384 447 1467 quibus
469 1383 601 1450 nomina
625 1382 660 1449 in
683 1405 754 1450 -eua
777 1381 988 1449 excurrentia
1011 1379 1140 1448 tradita
1159 1386 1247 1462 sunt,
1271 1378 1401 1446 eodioea

172 1496 383 1560 erraverunt:
399 1491 437 1556 11
452 1490 693 1574 autrepierre
709 1491 737 1558 P
754 1526 797 1538 -
813 1490 957 1574 Ripaeos
973 1488 1017 1572 m,
1037 1487 1073 1554 11
1088 1488 1153 1556 am
1172 1471 1401 1555 alaminus

172 1600 206 1666 Μ
237 1635 280 1647 -
305 1598 448 1681 Riphaea
470 1599 509 1681 P,
539 1597 666 1664 11426
695 1619 788 1665 -oeus
810 1596 838 1663 P
860 1618 931 1664 -eas
954 1596 999 1681 Μ,
1023 1595 1163 1663 111401
1195 1595 1402 1662 idomenaeae

172 1707 206 1773 m
237 1743 280 1755 -
311 1706 498 1774 Itonaeos
520 1705 559 1789 Ρ,
581 1705 611 1772 v
635 1706 699 1772 aar
728 1704 936 1773 cussanus
958 1704 987 1771 Ρ
1010 1739 1053 1751 -
1077 1685 1262 1770 orssunv
1279 1702 1324 1768 m.
1349 1720 1400 1786 ge.

172 1816 203 1880 4.
224 1829 278 1886 528
307 1812 543 1881 PROTAEVS
573 1813 608 1879 M
639 1811 862 1880 PROTINVS
891 1811 922 1879 R
955 1829 1083 1878 errores
1114 1815 1191 1877 sunt
1219 1809 1402 1877 scribarum

173 1923 297 1988 nuliius
320 1921 485 1989 momenti.

262 2028 302 2095 In
333 2029 446 2096 ultimo
478 2027 663 2095 hexametri
693 2028 776 2110 pede
800 2027 955 2094 Latinam
986 2025 1289 2110 pronuntiationem
1316 2025 1402 2092 eius·
1537 2057 1539 2060 ·

174 2136 262 2204 modi
284 2137 501 2220 comprobans
524 2135 653 2202 Birtius
677 2135 729 2202 his
752 2135 881 2218 quidem
905 2134 1017 2202 verbis
1041 2153 1117 2201 usus
1141 2139 1193 2200 est
1216 2133 1260 2219 (p.
1278 2131 1348 2218 30):

266 2295 282 2328 „
309 2292 317 2309 .
343 2292 351 2309 .
376 2293 384 2310 .
413 2244 494 2311 auoit
521 2242 588 2310 irier
613 2244 656 2310 isi
678 2244 729 2310 dia
752 2243 930 2310 iuuencae
952 2243 1019 2309 und
1039 2241 1124 2310 aaut
1146 2243 1197 2308 die
1216 2240 1404 2325 maenianae

173 2351 380 2434 Auaoprucire
398 2351 490 2437 paiibt
512 2353 637 2419 worden
652 2401 668 2434 ¹.
695 2399 702 2415 .
730 2403 736 2416 .
760 2351 819 2417 der
833 2349 966 2416 Dichter
987 2349 1104 2416 sciuit
1126 2371 1159 2416 ee
1173 2349 1321 2414 oielmeiur
1335 2349 1403 2414 &aa

173 2459 273 2526 Leser
300 2481 357 2538 aa,
388 2459 426 2524 ot
455 2479 490 2524 er
518 2459 585 2526 oiri
615 2460 666 2524 ein
695 2458 872 2525 marucia
899 2457 1104 2542 Superfluam
1130 2457 1270 2542 pefolieo
1299 2456 1404 2523 hussen

174 2567 242 2634 witi
264 2567 338 2632 oder
360 2565 436 2632 ater
458 2567 542 2632 aeine
562 2565 671 2650 Zzonpe
693 2586 737 2630 aa
757 2565 963 2650 prieehiseher
978 2564 1179 2648 Auseprooite
1201 2563 1290 2630 eihan.
1329 2562 1405 2630 Wer

173 2672 257 2740 Iacet
293 2672 390 2754 naue,
432 2672 543 2740 aenou
580 2672 746 2739 immerita
783 2673 845 2739 doe
884 2672 1003 2740 idaiae
1040 2671 1138 2752 ritem
1175 2691 1252 2737 man
1288 2675 1335 2737 tot
1371 2691 1404 2735 es

171 2781 287 2866 pemmo
308 2779 424 2847 ΜΝ.

267 2887 332 2954 Sed
355 2886 441 2954 siin
465 2887 530 2956 hae
553 2905 679 2970 quoque
702 2905 739 2953 re
762 2885 997 2970 grammaticos
1021 2890 1156 2952 secutus
1180 2889 1279 2966 esset,
1304 2883 1405 2950 aliter

175 2994 325 3061 iudicare
363 2994 487 3061 debuit.
550 2994 674 3061 Marius
713 2993 798 3060 enim
837 2993 1042 3076 victorinus,
1087 2993 1179 3060 ouius
1219 2991 1404 3059 testimonio

175 3102 304 3168 Birtius
327 3101 506 3169 identidem
530 3103 621 3169 nisus
645 3106 713 3183 est,
746 3102 787 3168 de
810 3101 1079 3184 pronuntiatione
1102 3100 1218 3168 talium
1241 3101 1404 3167 nominum

176 3228 262 3292 quae
297 3209 330 3276 in
365 3208 480 3276 ultimo
513 3209 699 3276 hexametri
731 3210 815 3292 pede
850 3209 1013 3277 oolloeata
1048 3214 1141 3291 aunt,
1178 3206 1404 3291 Vergilianum

174 3316 260 3383 illud
282 3315 390 3384 citans
414 3317 525 3384 veta
549 3317 598 3384 sie
621 3317 757 3385 disserit
767 3316 807 3404 ¹):

269 3420 303 3489 ⁸.
330 3475 337 3490 .
363 3473 371 3490 .
394 3425 480 3492 vittis
503 3445 668 3493 eneruem
691 3431 782 3509 utque
803 3425 962 3511 nepotibus
980 3420 1125 3492 aureie‘
1152 3424 1298 3507 „eureie“
1323 3424 1407 3490 enim

173 3533 447 3615 pronuntiandum
462 3538 516 3600 eet.
544 3534 579 3599 ia
594 3534 771 3601 scandendo
787 3539 891 3600 autem
904 3535 1006 3615 „reis“
1024 3531 1150 3615 syllaba
1165 3553 1228 3598 non
1243 3531 1404 3610 dividitur,

177 3640 234 3706 seu
260 3641 315 3723 „e“
341 3641 443 3706 littera
466 3640 501 3705 in
524 3641 676 3708 annotant
699 3661 768 3706 oum
794 3642 845 3723 „ai
863 3642 995 3708 maana
1005 3661 1066 3724 par
1081 3639 1268 3724 diptiroopon
1285 3637 1406 3706 Graeco

177 3767 262 3812 more
284 3753 312 3813 ei
333 3747 455 3814 ratione
476 3748 596 3830 eoripta
619 3737 831 3816 maritatam.

269 3852 392 3920 Restat
423 3859 461 3921 ut
493 3854 640 3922 voeativi
670 3875 730 3939 per
760 3877 815 3922 -aa
845 3853 1015 3921 terminati
1047 3853 1242 3922 mentionem
1273 3851 1404 3920 faeiem.

179 3961 235 4043 qui
260 3979 333 4028 oum
356 3980 378 4029 a
399 3962 508 4044 poetis
531 3963 621 4029 nullo
644 3963 716 4030 loeo
741 3967 878 4046 excepto
898 3963 1102 4030 Graecorum
1125 3961 1220 4028 modo
1244 3961 1408 4028 formatus

179 4069 235 4153 ait,
260 4086 320 4151 per
344 4067 559 4154 dipthongum
582 4069 707 4154 finitur,
732 4071 822 4138 ouius
845 4069 1072 4154 pronuntiatio
1094 4069 1129 4136 in
1146 4068 1278 4136 dubium
1295 4069 1409 4138 vocari

179 4194 247 4242 non
269 4180 391 4259 potest.

271 4284 301 4350 6.
334 4283 679 4353 [terminationes
703 4285 896 4353 Graecae
919 4283 1176 4352 nominativi
1200 4307 1297 4370 -ους,
1326 4309 1408 4364 -ως,

182 4415 236 4457 -ω
263 4391 367 4457 adeo
390 4409 470 4458 non
493 4399 685 4460 mutatae
708 4399 824 4475 aunt,
849 4399 894 4460 ut
918 4415 981 4473 as,
1008 4415 1066 4474 os,
1092 4415 1111 4460 o
1133 4393 1287 4475 ubique
1312 4413 1408 4476 pro·

183 4497 336 4566 ductae
359 4503 538 4567 exstent
559 4502 745 4569 uocales.
793 4499 1010 4570 inveniuntur
1032 4500 1116 4568 haeo
1138 4501 1282 4568 uomina:

273 4675 499 4746 ¹mmmm
