3442 5324
855 489 1066 498 ————

438 611 477 676 ln
510 611 649 678 Oreste
681 631 760 678 vero
801 612 916 677 fabula
947 612 1083 678 Electra
1122 614 1259 679 fratrem
1298 632 1397 696 super
1429 615 1571 682 cervices

348 719 548 787 Hermionae
582 721 710 785 domum
747 739 899 787 reversae
935 719 1081 802 gladium
1116 720 1280 803 stringere
1314 720 1471 802 iusserat,
1511 739 1572 801 qua

349 828 462 895 obside
494 833 641 892 uteretur
679 827 836 894 adversus
869 827 1062 892 Menelaum.
1117 827 1210 894 Haec
1243 827 1331 894 enim
1365 835 1441 894 sunt
1473 831 1572 894 verba

349 936 419 1002 eius
443 934 486 1020 (v.
507 933 710 1020 1193-99):

1011 1005 1110 1094 ξίνοο
1132 1004 1170 1072 δὲ
1192 1005 1254 1095 aot

561 1111 640 1202 δέρῃ
663 1108 748 1199 πρὸς
771 1108 853 1200 αὐτῇ
875 1109 1049 1203 παρθένου
1074 1110 1235 1180 σπάσαντ’
1259 1110 1355 1195 ἔχειν.

561 1215 620 1285 κᾶν
642 1217 703 1303 μέν
727 1242 764 1286 σε
788 1215 874 1306 σώζῃ
897 1218 943 1307 μὴ
967 1224 1085 1286 θανεῖν
1107 1218 1235 1309 χρῄζων
1258 1217 1358 1310 κόρην

560 1323 733 1402 Μενέλαος
754 1323 903 1414 Ἑλένης
925 1324 1046 1410 πτῶμ’
1071 1324 1163 1393 idolo
1187 1326 1226 1394 ἐν
1248 1325 1404 1412 αἵματι,

560 1431 664 1517 μέθες
687 1436 867 1500 πεπᾶσθαι
889 1434 994 1522 πατρὶ
1017 1431 1191 1522 παρθένου
1215 1432 1336 1519 δέμας·

561 1537 604 1630 ἢν
628 1538 657 1607 δ’
681 1538 886 1625 ὀξυθύμου
909 1539 959 1629 μὴ
982 1545 1134 1630 κρατῶν
1158 1539 1412 1631 φρονήματος

560 1647 691 1735 κτείνῃ
715 1671 771 1726 σε,
795 1647 859 1713 καὶ
883 1645 929 1714 σύ
952 1646 1079 1737 σφάζε
1102 1647 1307 1738 παρθένου
1331 1647 1458 1738 δέρην.

436 1775 549 1856 Neque
577 1774 710 1840 dubium
742 1793 812 1839 esse
842 1779 952 1856 potest
986 1774 1065 1855 quin
1093 1775 1228 1840 Electra
1259 1794 1331 1841 cum
1363 1774 1463 1841 fratri
1491 1774 1573 1840 illud

345 1884 513 1965 suaderet,
547 1882 587 1947 de
619 1881 777 1946 interiore
810 1881 903 1946 domo
937 1881 1150 1965 cogitaverit,
1184 1881 1241 1947 ubi
1273 1881 1422 1948 Menelao
1455 1900 1573 1964 corpus

347 1989 494 2055 Helenae
531 1987 567 2053 in
605 1987 765 2070 sanguine
801 1981 853 2073 (ἐν
876 1983 1010 2074 αἵματι)
1045 1987 1185 2054 iacentis
1220 1988 1409 2070 conspicere
1446 1988 1571 2054 liceret.

348 2097 493 2180 Quacum
520 2116 558 2162 re
585 2095 761 2176 consentit,
793 2096 879 2174 quod
901 2094 1082 2160 Hermiona
1109 2094 1166 2161 ubi
1193 2095 1334 2177 primum
1358 2094 1507 2178 advenit,
1539 2093 1573 2159 in

275 2223 278 2230 ·
347 2204 473 2288 regiam
497 2203 640 2271 trahitur
663 2201 706 2287 (v.
727 2202 811 2268 1349
821 2199 893 2286 sq).

436 2310 500 2378 Sed
537 2308 735 2388 simulatque
768 2308 937 2374 Menelaus
976 2308 1018 2373 ad
1055 2308 1182 2391 regiam
1219 2308 1334 2390 rediit,
1374 2308 1484 2374 subito
1518 2327 1571 2373 res

347 2424 462 2485 contra
485 2418 607 2484 cadunt
634 2421 731 2496 atque
754 2415 890 2481 Electra
917 2421 1076 2481 suaserat.
1124 2415 1265 2482 Tantum
1296 2415 1382 2482 enim
1411 2418 1507 2482 abest
1536 2420 1571 2480 ut

347 2524 515 2590 Menelaus
539 2522 659 2604 quippe
682 2521 738 2603 qui
766 2521 872 2603 portis
895 2521 1017 2588 clausis
1045 2528 1122 2588 ante
1144 2522 1271 2605 regiam
1294 2523 1492 2604 retineatur,
1521 2521 1569 2586 in-

346 2637 467 2713 troeat,
499 2636 535 2696 ut
565 2629 699 2695 Orestes
729 2627 934 2712 Pyladesque
964 2627 1075 2710 gladic
1110 2647 1209 2711 super
1243 2634 1343 2711 capnt
1372 2628 1570 2694 Hermionae

346 2737 503 2804 destricto
534 2735 683 2801 intecto
713 2733 827 2817 regiae
855 2741 1046 2816 appareant.
1094 2735 1202 2815 Atque
1229 2755 1288 2801 cur
1316 2735 1434 2801 ostium
1464 2736 1569 2801 occlu-

346 2845 437 2926 serit,
463 2843 595 2910 Orestes
619 2843 691 2924 ipse
713 2841 765 2908 his
788 2841 900 2909 verbis
924 2841 1069 2924 explicat
1092 2841 1135 2927 (v.
1155 2843 1360 2928 luti-tau

559 2967 696 3052 μοχλοῖς
718 2962 822 3056 ἄραρε
844 2966 984 3056 κλῇθρα,
1010 2969 1069 3055 σῆς
1090 2965 1281 3054 βοηδρόμου

561 3075 708 3162 σπουδῆς
731 3071 754 3140 δι’
777 3071 806 3139 α’
829 3075 971 3162 εἵρξει,
994 3071 1045 3163 μὴ
1069 3071 1198 3158 δόμων
1220 3076 1313 3141 εἴσω
1336 3077 1469 3163 περᾶν.

435 3201 561 3285 Quibus
597 3202 695 3266 rebus
731 3199 876 3266 efficitur
910 3205 947 3264 ut
980 3219 1034 3265 res
1064 3217 1148 3280 quae
1177 3206 1357 3281 sequuntur
1386 3199 1420 3265 in
1451 3219 1568 3266 scaena

344 3309 419 3391 ipsa
449 3315 604 3391 agantur,
636 3325 831 3389 quamquam
861 3306 891 3372 si
918 3327 978 3389 per
1008 3327 1061 3373 res
1089 3307 1258 3373 scaenicas
1285 3306 1449 3389 licuisset,
1483 3307 1568 3373 intra

343 3415 471 3498 regiam
498 3416 705 3498 peragendae
735 3415 884 3481 fuissent.
932 3415 1023 3500 Quae
1052 3434 1123 3481 cum
1147 3415 1196 3481 ita
1218 3415 1299 3496 sint,
1329 3421 1451 3496 quanto
1475 3415 1567 3498 igna-

345 3524 470 3590 viorem
487 3523 620 3589 Orestes
643 3542 678 3589 se
698 3525 857 3604 praebeat
872 3540 968 3602 quam
992 3522 1021 3588 si
1037 3522 1186 3588 Menelao
1210 3522 1299 3589 intra
1314 3522 1441 3605 regiam
1464 3522 1566 3605 ipsam

345 3629 538 3714 obstitisset,
562 3629 740 3712 Euripides
764 3649 921 3711 quaerere
944 3629 1076 3696 omittit.

433 3845 506 3930 Qua
531 3864 568 3910 re
597 3845 819 3910 demonstrata
842 3844 904 3910 hoc
931 3843 1038 3927 ipsum
1061 3844 1133 3912 veri
1162 3851 1213 3911 est
1240 3844 1348 3911 simile
1375 3845 1565 3928 Euripidem

345 3952 444 4018 etiam
477 3952 635 4018 fabulas
659 3951 755 4018 illas
778 3950 979 4034 antiquas,
1010 3952 1188 4032 inquibus
1216 3959 1409 4036 argumenta
1437 3959 1561 4036 tragoe-

344 4059 472 4124 diarum
517 4057 587 4125 eius
629 4064 817 4140 versantur,
861 4059 918 4124 ita
956 4059 1258 4126 commutavisse
1305 4067 1346 4127 ut
1383 4060 1430 4127 ad
1469 4062 1566 4127 hunc

344 4185 456 4232 unum
483 4165 607 4232 locum
636 4165 837 4245 quadrent.
884 4166 957 4250 Qua
986 4165 1022 4230 in
1050 4166 1240 4247 quaestione
1264 4167 1349 4248 quod
1377 4167 1566 4250 plerumque

343 4417 378 4470 ab
391 4414 527 4484 Euripide
540 4415 702 4484 descriptum
716 4431 777 4483 csse,
797 4421 829 4470 ut
840 4415 893 4482 illi,
913 4431 1077 4486 quamquam
1090 4416 1186 4470 lamam
1198 4417 1310 4470 numine
1321 4421 1459 4487 regantur,
1479 4422 1566 4472 tamea

343 4505 492 4558 libertatem
511 4505 649 4572 quandam
666 4505 773 4558 volendi
792 4505 959 4574 ορατορυμ)
986 4521 1097 4560 cansam
1118 4505 1194 4559 illins
1218 4508 1291 4559 inter
1314 4505 1457 4575 prologum
1477 4511 1506 4560 et
1524 4506 1565 4560 ia·

342 4594 434 4648 bulum
453 4595 540 4661 ipsam
560 4594 760 4662 discrepantiae
779 4597 865 4662 repeti
884 4595 959 4663 velit,
979 4595 1059 4662 plane
1078 4597 1116 4648 sit
1134 4595 1307 4650 reiciendum.
