3496 5310
920 399 963 466 26

331 613 415 680 citat
450 614 637 701 (comment.
667 615 701 680 iu
728 634 841 699 georg.
874 614 1011 700 11135)
1052 613 1191 680 formam
1230 612 1263 678 iu
1299 612 1427 696 Vergili
1464 612 1561 678 libris

329 720 582 788 usitatissimam
613 721 646 787 in
676 727 817 789 mentem
848 724 979 790 venisse
1010 720 1167 804 suspicor.
1220 719 1401 786 Vahleuum
1432 739 1560 804 sequor,

330 829 385 909 qui
409 829 453 896 tr.
470 831 509 896 Δ.
528 831 593 896 328
616 829 786 898 Leucatam
811 850 829 898 e
854 830 998 897 codicum
1016 831 1185 912 scriptura
1202 834 1358 911 corrupta
1382 827 1561 914 (Prisciani

329 936 434 1003 1541
464 937 509 1017 Η)
541 939 685 1004 leucatrnc
715 939 846 1006 leccatcu
877 940 1024 1006 leucatem
1054 936 1212 1004 restituit.
1264 955 1337 1002 uam
1370 955 1388 1002 e
1417 937 1562 1004 Eurotan

331 1051 365 1111 et
389 1045 536 1111 leuantem
559 1044 731 1112 Leucatam
762 1048 804 1112 ab
829 1046 936 1113 Ennio
968 1046 1090 1112 dictum
1121 1063 1195 1112 esse
1227 1051 1318 1111 recte
1344 1043 1560 1110 concluditur.

331 1152 474 1218 fortasse
505 1152 732 1235 Vergilianum
767 1153 848 1220 illud
881 1151 1012 1238 ‘ylerccrc
1043 1148 1210 1220 Leucuen’
1244 1150 1371 1218 scribas
1403 1151 1560 1232 quosdam

331 1259 519 1342 commovit,
552 1265 590 1325 ut
620 1261 683 1326 hac
713 1260 821 1328 forrua
844 1261 989 1328 Ennium
1020 1279 1147 1343 quoque
1179 1277 1271 1328 usum
1296 1277 1368 1326 esse
1392 1261 1561 1340 putarant,

330 1366 416 1433 unde
440 1365 555 1434 vitium
579 1367 612 1433 iu
636 1369 765 1435 codices
789 1369 936 1453 irrepsit.

419 1474 611 1558 Lucilius,
644 1476 752 1558 quoad
783 1477 905 1559 potuit,
937 1477 1085 1544 Graecos
1114 1474 1263 1542 imitatus
1294 1473 1346 1540 his
1376 1492 1502 1555 quoque
1525 1475 1559 1541 iu

330 1579 511 1647 nominibus
536 1582 698 1650 Graecam
729 1584 995 1651 terminationem
1020 1583 1186 1651 adhibuit:
1220 1581 1405 1650 conamen
1428 1579 1486 1667 (ir.
1504 1581 1561 1666 38)

331 1693 365 1754 et
394 1689 516 1755 sctrcleu
547 1689 603 1770 (ir.
626 1692 705 1775 570)
729 1695 751 1777 ).
803 1693 838 1758 in
869 1691 1021 1758 Catulli
1053 1690 1255 1758 carminibus
1284 1689 1367 1756 haec
1397 1695 1563 1771 apparent

332 1796 495 1877 exempla:
527 1796 644 1864 Acmen
666 1798 827 1882 45.1.r1‚
855 1799 1065 1884 Amphitriten
1088 1800 1204 1870 6411.
1251 1797 1312 1864 hoc
1335 1797 1406 1864 loco
1431 1797 1563 1864 codices

226 1895 228 1900 ’
330 1904 493 1986 praebent
530 1906 753 1988 Amphitriten
790 1907 844 1975 vel
884 1907 1080 1992 Amphitrite.
1142 1910 1318 1987 utrumque
1361 1923 1403 1970 ex
1445 1905 1561 1972 eadem

330 2012 515 2093 scripturae
546 2012 653 2080 forma
684 2014 770 2082 falso
802 2021 909 2082 ortum
941 2021 1003 2082 est.
1051 2015 1163 2096 itaque
1193 2014 1276 2079 haec
1306 2012 1437 2079 nomina
1468 2019 1562 2080 certa

331 2119 443 2202 habes,
468 2119 573 2186 miuus
590 2126 730 2188 certum:
761 2123 883 2190 Booten
906 2123 958 2190 66.
976 2140 1021 2205 sa,
1047 2140 1240 2204 quamquam
1257 2121 1344 2187 hauc
1360 2119 1561 2202 scripturam

332 2226 454 2293 codicis
479 2228 651 2312 archetypi
675 2229 779 2296 fuisse
803 2249 821 2296 e
846 2250 1008 2298 consensu
1025 2229 1199 2298 lectionum
1217 2227 1387 2296 codicisG
1411 2227 1560 2315 (butha,

332 2334 417 2415 quod
437 2357 460 2420 y
482 2335 629 2402 correxit
651 2335 686 2402 in
711 2337 860 2423 boothcnc)
884 2337 962 2405 etO
987 2335 1131 2423 (bootem
1153 2334 1307 2403 eflicitur.
1353 2335 1412 2404 sed
1435 2337 1476 2402 de
1499 2336 1562 2402 hac

334 2440 442 2507 forma
465 2441 557 2508 inira
579 2443 728 2525 pluribus
752 2463 859 2529 agam.

422 2548 628 2634 Vergilius
645 2551 807 2618 Graecam
833 2553 1095 2620 terminationem
1120 2551 1239 2634 ubique
1264 2550 1424 2632 adhibuit,
1448 2550 1563 2633 itaque

333 2657 483 2740 exempla
518 2657 551 2724 in
587 2659 656 2725 eius
695 2660 787 2727 libris
826 2666 1021 2745 suppetunt:
1064 2660 1199 2728 Acesten
1233 2659 1372 2726 Achaten
1405 2657 1565 2726 Andrisco

332 2764 517 2832 Priamiden
548 2766 712 2834 Menoeten
741 2768 848 2836 Buten
878 2770 1012 2836 Alciden
1043 2769 1202 2854 Epytiden
1231 2766 1379 2834 Aeolides
1406 2767 1564 2834 Aeaciden

333 2872 503 2956 Polyboteu
525 2873 810 2943 Laomedontiaden
833 2877 1023 2960 Arctiphaten
1049 2876 1159 2961 nyen
1184 2876 1290 2959 Tyren
1315 2871 1439 2942 Oroden
1462 2872 1564 2942 Orsen

332 2979 509 3066 Hydaspen
532 2982 729 3050 Erichaeten.
761 2991 915 3051 errarunt
939 2985 1068 3051 codices
1093 2985 1217 3051 duobus
1239 2983 1320 3050 locis
1343 2981 1377 3048 X
1397 2983 1471 3049 778.
1487 2983 1562 3065 tre,

334 3087 450 3169 quibus
476 3090 627 3156 Antorcrn
656 3092 795 3158 tradunt
826 3093 934 3173 (MRP
958 3093 1010 3160 vel
1036 3091 1119 3177 NR).
1167 3090 1222 3173 qui
1252 3110 1344 3157 error
1374 3108 1437 3172 quo
1469 3091 1564 3157 modo

333 3195 512 3274 invaserit,
543 3195 607 3262 iam
632 3197 792 3266 Servius
816 3207 908 3267 recte
931 3199 1103 3284 coguovit,
1135 3217 1205 3265 cum
1230 3199 1279 3265 ita
1302 3199 1366 3264 hac
1390 3198 1430 3264 de
1454 3197 1563 3264 forma

334 3302 480 3369 disserit:
513 3299 582 3371 ‘crit
604 3307 816 3376 nominativus
842 3309 893 3374 hic
915 3307 1062 3387 Antores,
1095 3309 1244 3391 qumodo
1267 3305 1397 3388 Diores,
1427 3327 1504 3374 narn
1533 3309 1565 3374 si

331 3408 433 3477 Antor
454 3409 557 3488 suerit
586 3415 811 3496 ruminaticus,
843 3418 933 3483 ructui
962 3418 1043 3484 ratic
1073 3437 1135 3480 uon
1156 3415 1303 3499 procedit.
1351 3416 1459 3482 omnia
1480 3416 1564 3480 enim

336 3516 460 3586 &acca
491 3522 620 3588 uomina
651 3543 702 3588 -cr
733 3526 900 3590 marturan
932 3526 967 3589 in
1000 3523 1135 3606 obliquis
1167 3523 1295 3589 casibus
1327 3518 1562 3605 arripiuntur.

333 3624 446 3692 eoderu
481 3644 499 3692 e
534 3627 628 3694 fonte
662 3628 812 3698 hausisse
846 3632 980 3699 videtur
1013 3632 1164 3697 Probus
1200 3630 1255 3712 qui
1291 3627 1457 3714 dicituriy.
1510 3630 1562 3697 his

333 3732 418 3799 euiru
449 3734 560 3801 verbis
583 3737 721 3804 Antoren
751 3743 909 3807 testatur:
950 3735 1090 3823 ‘puidam
1112 3745 1229 3822 pmarrt
1258 3737 1428 3824 Verpiliunr
1454 3746 1564 3806 contra

332 3843 485 3908 rutarum
503 3845 708 3926 propriarum
725 3849 917 3928 pradumsse
940 3843 1111 3914 “Heraclia
1133 3844 1281 3914 Antcrcrn
1306 3841 1476 3926 comdcrn”,
1509 3848 1564 3914 scal

333 3957 456 4016 maret:
486 3971 562 4018 narn
585 3952 635 4018 hic
657 3952 789 4021 Antores
817 3956 992 4036 declinavit,
1024 3977 1086 4022 non
1109 3955 1221 4034 Aatcr,
1250 3955 1331 4022 sicut
1352 3953 1403 4020 hic
1424 3950 1563 4022 Diaras‘.

423 4057 515 4124 Haec
550 4078 675 4142 quoque
710 4061 843 4128 uomina
880 4070 973 4130 carta
1008 4063 1201 4129 traduntur:
1242 4062 1385 4146 Asbyten
1415 4059 1565 4130 Aulesteu

333 4163 455 4231 Dioren
491 4165 678 4250 Euphraten
714 4167 917 4253 Hippadateu
954 4171 1065 4238 Laden
1102 4170 1264 4254 Niphaten
1303 4166 1415 4236 Oaaeu
1453 4167 1565 4238 Οηίέοη

425 4417 444 4486 ¹)
464 4417 576 4472 Schclea
596 4417 787 4474 Lachmauuua
806 4425 880 4474 recte
899 4437 914 4474 e
932 4421 1055 4475 codicum
1076 4421 1172 4475 scolam
1195 4421 1239 4475 vel
1263 4419 1371 4476 acollern
1395 4419 1561 4474 emendarit.

424 4509 445 4577 ἱ)
465 4508 507 4562 Cf.
526 4509 602 4562 inira
620 4525 645 4577 p.
659 4510 693 4562 27
714 4509 775 4566 adu
790 4511 814 4567 2.

423 4597 445 4667 ⁸)
465 4597 548 4654 Probi
566 4597 702 4654 catholica
720 4598 735 4652 1
753 4599 795 4657 25.
810 4618 844 4660 aa.
881 4600 913 4654 G.
921 4601 951 4657 h.
969 4600 1010 4656 IV
1029 4601 1071 4658 12.
