3442 5324
874 511 897 516 -
956 416 998 484 54

363 634 539 715 Sophocles
556 633 612 718 (cf.
626 652 656 714 p.
672 631 784 716 26sq.)
805 633 841 698 id
857 632 926 714 egit
943 638 978 696 ut
994 631 1219 697 controversia
1243 630 1303 695 illa
1319 630 1436 696 matris
1453 636 1484 695 et
1500 629 1582 694 filiae
1692 663 1693 666 π

362 743 423 806 hoc
447 741 518 822 ipso
540 741 593 805 die
617 745 823 822 exureretur;
856 759 930 806 nam
954 757 1014 821 per
1036 757 1147 805 omnes
1171 739 1241 804 dies
1258 738 1315 818 qui
1338 737 1471 803 initium
1495 737 1584 802 fabu-

361 849 415 914 lae
438 849 677 913 antecedebant
694 847 872 930 seiunctae,
897 866 962 912 non
985 847 1152 912 habebant
1167 846 1296 926 quando
1320 846 1408 911 inter
1430 864 1502 911 sese
1517 864 1584 910 ver-

361 955 414 1021 bis
438 955 478 1020 de
495 955 739 1037 Agamemnone
762 961 877 1020 necato
902 958 1083 1034 certarent;
1117 954 1203 1034 quod
1226 959 1335 1018 autem
1351 951 1584 1037 Clytaemestra

363 1063 423 1127 hoc
448 1061 519 1143 ipso
537 1061 590 1126 die
614 1061 775 1127 arcessita
791 1068 841 1127 est
865 1061 921 1146 (cf.
940 1081 970 1126 v.
987 1059 1077 1144 998),
1103 1079 1161 1126 cur
1176 1060 1284 1126 altera
1307 1060 1406 1126 alteri
1429 1079 1466 1125 eo
1484 1060 1583 1144 primo
1693 1090 1694 1110 ι

362 1168 415 1233 die
439 1167 625 1250 maledicat,
652 1167 848 1234 facillimum
872 1167 987 1234 estad
1011 1167 1277 1248 intellegendum.

453 1283 523 1367 Quo
557 1283 740 1350 rettulerim
773 1285 859 1364 quod
894 1284 929 1348 in
962 1283 1195 1348 Phoenissis
1210 1287 1212 1292 ’
1227 1282 1403 1367 Polynices
1438 1284 1584 1366 precibus

361 1389 479 1456 matris
511 1396 690 1456 commotus
724 1391 853 1456 'lhebas
887 1391 978 1472 ipsas
1012 1391 1129 1472 intrat,
1165 1397 1202 1455 ut
1233 1408 1305 1456 eum
1339 1390 1445 1456 fratre
1477 1411 1583 1474 pacem

364 1498 474 1563 facere
497 1503 640 1563 conetur.
688 1499 800 1578 Neque
824 1516 902 1566 vero
926 1496 1116 1581 Polynicem
1146 1517 1183 1563 eo
1212 1504 1358 1580 tempore
1381 1517 1444 1579 quo
1471 1517 1582 1580 magno

362 1622 434 1670 cum
473 1604 619 1670 exercitu
648 1604 846 1687 Argivorum
882 1604 1220 1687 appropinquaverat,
1261 1610 1298 1670 ut
1327 1623 1464 1687 regnum
1497 1624 1582 1671 suum

362 1711 464 1776 armis
487 1717 711 1792 recuperaret,
743 1711 785 1776 ad
809 1730 922 1792 preces
946 1712 1143 1778 descendere
1165 1711 1237 1779 veri
1261 1695 1312 1778 est
1334 1712 1451 1778 simile.
1499 1713 1582 1796 Quae

346 1837 436 1895 ¹cum
459 1819 508 1884 ita
530 1818 606 1900 sint,
632 1819 785 1884 Eteocles
808 1818 992 1885 rectissime
1017 1818 1098 1884 haec
1122 1818 1204 1885 dicit
1228 1819 1271 1904 (v.
1289 1819 1474 1905 old-Hy

576 1947 671 2032 χρῆν
694 1941 723 2009 d’
746 1940 865 2010 αὐτὸν
888 1940 958 2024 οὐχ
982 1940 1143 2011 ὅπλοισι
1166 1939 1236 2020 τὰς
1259 1942 1489 2029 διαλλαγάς,

559 2115 563 2150 k
576 2053 690 2139 μῆτερ,
714 2056 947 2117 ποιεῖσθαι·
979 2053 1047 2116 πᾶν
1069 2046 1131 2140 γὰρ
1156 2049 1283 2139 ἐξαιρεῖ
1304 2050 1408 2136 λόγος,

577 2156 594 2223 ὃ
618 2159 673 2225 καὶ
698 2157 835 2248 σίδηρος
858 2158 1026 2242 πολεμίων
1050 2156 1203 2246 δράσειεν
1226 2154 1276 2226 ἄν.

452 2285 516 2352 Sed
539 2305 611 2352 cum
635 2284 708 2350 fieri
732 2304 797 2351 non
820 2290 931 2366 posset
963 2292 999 2351 ut
1029 2285 1139 2367 priore
1163 2284 1274 2365 aliquo
1298 2285 1352 2350 die
1380 2285 1415 2351 in
1438 2305 1585 2352 scaenam

364 2392 525 2474 prodiret,
556 2393 618 2457 hoc
646 2391 716 2473 ipso
742 2392 795 2457 die
819 2391 957 2458 fratrem
982 2392 1080 2473 adiit,
1112 2411 1174 2472 quo
1199 2412 1263 2458 non
1291 2391 1358 2458 iam
1381 2393 1501 2473 verbis,
1532 2393 1585 2458 sed

365 2499 466 2565 armis
494 2506 566 2565 erat
593 2501 839 2582 decertandum,
871 2499 968 2580 idque
996 2504 1032 2564 ut
1056 2499 1178 2565 fratres
1208 2499 1296 2565 inter
1323 2519 1396 2566 sese
1424 2500 1586 2566 discordes

242 2673 246 2682 ,
364 2607 430 2688 ipsi
459 2605 701 2688 spectatoribus
732 2613 808 2671 ante
837 2606 948 2672 oculos
976 2611 1176 2688 ponerentur
1202 2612 1301 2687 atque
1328 2606 1503 2692 Polynices
1532 2625 1586 2673 cur

366 2713 465 2780 fratri
488 2712 687 2779 irasceretur
711 2713 781 2794 ipse
805 2713 996 2795 explicaret.

453 2983 565 3063 Neque
587 3002 665 3049 vero
696 2982 799 3048 solam
824 2983 986 3048 actionem
1015 2981 1202 3048 fabularum
1226 2983 1405 3064 Euripides
1432 2983 1481 3050 ita
1504 3003 1585 3050 com-

365 3110 485 3172 ponere
513 3091 636 3172 studet,
667 3096 703 3155 ut
730 3109 789 3172 per
812 3109 847 3156 se
876 3090 951 3172 ipsa
975 3108 1037 3169 quo
1068 3089 1199 3155 initium
1228 3090 1353 3171 ceperit
1381 3091 1448 3173 die,
1480 3092 1585 3158 eodem

365 3199 407 3264 ad
439 3198 536 3264 finem
568 3199 781 3279 perducatur,
817 3198 875 3262 sed
907 3196 1034 3264 variis
1065 3197 1192 3262 utitur
1222 3197 1437 3280 artificiis,
1473 3199 1584 3279 quibus

365 3304 532 3371 efficiatur
562 3311 603 3370 ut
626 3303 808 3386 singulae
832 3323 894 3369 res
921 3303 1222 3369 diversissimae
1246 3303 1285 3368 in
1309 3305 1468 3370 eundem
1493 3305 1583 3370 diem

365 3417 594 3495 congruant

454 3519 503 3584 Ac
530 3518 636 3600 primo
664 3518 795 3599 quidem
826 3518 897 3584 loco
922 3537 981 3584 eae
1010 3518 1313 3585 commemorandae
1342 3527 1419 3585 sunt
1447 3518 1581 3598 fabulae,

365 3645 501 3707 quarum
524 3626 660 3708 prologo
689 3627 769 3692 deus
797 3625 918 3706 aliquis
946 3624 1111 3707 praedicit
1138 3625 1199 3690 hoc
1221 3625 1294 3707 ipso
1319 3625 1372 3692 die
1400 3625 1496 3692 finem
1519 3625 1581 3690 fore

364 3734 465 3800 totius
489 3732 640 3814 aetionis
669 3734 730 3799 hoc
747 3740 797 3799 est
821 3752 865 3814 se,
891 3751 956 3813 qua
979 3733 1024 3798 sit
1040 3736 1215 3815 potestate,
1241 3751 1351 3799 omnes
1374 3753 1428 3800 res
1451 3734 1492 3800 ad
1509 3732 1581 3800 acti-

365 3861 458 3907 onem
482 3840 688 3906 necessarias
711 3841 796 3905 hunc
820 3839 854 3904 in
877 3859 975 3906 unum
999 3839 1086 3905 diem
1110 3859 1181 3906 esse
1204 3839 1408 3906 collaturum.

455 3959 558 4041 Quam
590 3959 630 4022 ob
661 3976 728 4022 rem
760 3976 825 4022 non
852 3956 1036 4022 mirandum
1064 3962 1128 4036 est,
1160 3956 1246 4036 quod
1269 3957 1428 4022 Hercules
1459 3964 1494 4022 ut
1521 3954 1580 4020 Al-

366 4065 552 4130 cestidem
588 4084 628 4130 ex
659 4063 778 4130 inferis
815 4064 951 4129 reducat
984 4063 1069 4129 forte
1106 4063 1165 4129 illo
1199 4063 1252 4129 die
1285 4063 1409 4130 Pheras
1447 4061 1577 4140 advenit,

366 4193 428 4254 quo
458 4172 600 4239 Alcestis
635 4179 764 4238 mortua
800 4179 865 4253 est;
913 4191 988 4236 nam
1023 4171 1142 4254 Apollo
1178 4171 1250 4254 ipse
1284 4171 1484 4239 vaticinatus
1517 4173 1577 4235 erat

366 4279 410 4365 (v.
436 4279 596 4365 65—69):

578 4391 687 4463 τοῖος
712 4383 882 4476 Φέρητος
905 4379 982 4452 εἶσι
1007 4383 1105 4474 πρὸς
1128 4382 1275 4469 δόμους
1298 4383 1410 4474 ἀνὴρ,

575 4491 776 4583 Εὐρυσθέως
799 4491 997 4581 πέμψαντος
1018 4491 1156 4559 ἵππειον
1178 4491 1262 4576 μέτα

580 4599 687 4691 ὄχημα
714 4599 843 4690 Θρῄκης
867 4598 1034 4666 ἐκτόπων
1058 4598 1292 4690 δυοχειμὲρων,
