3522 5310
824 385 867 390 ῌ
877 386 882 390 .
893 291 981 390 30*-
1007 385 1035 390 -.

341 487 489 574 Delphos
520 489 678 576 septimus
708 491 830 552 mensis
855 495 964 558 Βοσίοο
995 487 1171 568 (Plutarch.
1203 499 1331 574 quaest.
1360 489 1453 573 guil
1485 495 1514 557 ἐν

339 610 384 686 τῷ
409 603 476 686 μηνὶ
499 603 557 688 γὰρ
582 601 680 686 τούτῳ
704 605 882 688 χρηστήριον
903 603 1039 688 ἐγίγνετο
1064 602 1116 666 καὶ
1140 601 1274 689 ἑβδόμην
1297 601 1411 680 ταύτην
1435 602 1515 687 νομί-

340 709 427 786 ζουσι
464 715 519 772 τοῦ
555 707 629 772 ῦιοῦ
676 709 834 794 γενέῦλιον
869 710 921 773 καὶ
954 709 1131 797 πολόρῦοον
1167 704 1393 795 όνομάζουσιν);
1429 703 1517 789 apud

340 811 467 875 Atticos
497 820 530 874 et
551 809 667 874 Delios
693 813 854 896 septimus
879 813 1112 903 Θαργηλιῶνοςι
1152 813 1261 896 (Diog.
1287 811 1394 876 Laert.
1421 810 1471 874 III
1496 810 1515 874 2

340 925 392 986 καὶ
414 925 528 1010 γίνεται
550 922 689 994 Πλάτων,
720 925 760 998 ὥς
784 946 869 1012 φησιν
892 914 1132 1010 Ἀπολλόδωρος
1160 924 1190 986 ἐν
1212 931 1367 1010 χρονικοῖς,
1393 921 1515 1010 Θαργη-

340 1034 446 1106 λιῶνος
475 1030 602 1119 ἑβδόμη·
650 1031 718 1094 aab?
748 1031 783 1110 ἢν
816 1031 921 1111 Δήλιοι
955 1033 1009 1095 τὸν
1043 1029 1223 1095 Ἀπόλλωνα
1257 1031 1399 1117 γενέσθαι
1432 1032 1515 1118 φασί.

342 1132 465 1198 Confer
499 1134 595 1197 etiam
627 1131 735 1197 Schol.
773 1133 869 1197 Laur.
895 1137 928 1196 in
957 1132 1111 1220 Aeschyl.
1159 1134 1248 1219 Sept.
1278 1134 1341 1198 783
1380 1131 1515 1197 KIrchh.

340 1238 503 1304 Plutarch.
531 1251 656 1326 quaest.
682 1263 776 1304 conv.
795 1241 875 1304 VIII
895 1243 923 1311 1.
941 1242 972 1322 2,
992 1243 1009 1304 1
1035 1239 1226 1322 Ἀπόλλιιινος
1248 1249 1307 1332 γὰρ
1325 1245 1516 1334 ἀμφοτέρους

340 1351 432 1443 ἑορτῇ
456 1354 611 1438 γενέσθαι·
648 1355 772 1439 τὸνμὲν
796 1352 859 1432 (se.
877 1347 1057 1428 Platonem)
1081 1357 1141 1440 γὰρ
1159 1355 1347 1440 Θαργηλίοις
1357 1354 1515 1434 Ἀθήνησι,

340 1463 392 1524 τόν
426 1463 462 1524 δὲ
497 1455 558 1542 (sc.
595 1453 813 1541 Carneadem)
849 1461 984 1548 Κάρνεια
1018 1461 1196 1548 Κυρηναίων
1232 1457 1389 1548 ἀγόντων),
1429 1456 1516 1542 apud

341 1561 540 1648 Cyrenaicos
560 1565 718 1649 septimus
735 1568 884 1655 Καρνείου
898 1562 1075 1647 (Plutarch.
1090 1562 1108 1628 l.
1123 1561 1175 1646 l),
1189 1564 1276 1648 apud
1293 1563 1516 1628 Antiochenos

340 1671 704 1762 septImus’Apraprslou
729 1670 857 1755 (Liban.
884 1669 961 1734 01·.I
984 1692 1014 1755 p.
1033 1670 1098 1735 236
1123 1671 1159 1734 R.
1178 1673 1198 1754 1)
1231 1671 1339 1757 Atque
1353 1670 1516 1758 Apollinis

340 1777 393 1841 die
417 1776 516 1841 natali
533 1776 648 1862 Pythia
672 1779 812 1864 primum
837 1778 905 1842 fata
928 1799 1003 1841 esse
1028 1777 1130 1843 fertur
1154 1777 1274 1863 (Schol.
1299 1777 1393 1844 Pind.
1421 1778 1515 1865 Pyth.

218 1889 221 1894 ’
342 1907 372 1970 p.
387 1883 451 1949 297
470 1884 618 1948 Buechh.
636 1887 674 1950 A.
687 1885 880 1962 Mommsen,
896 1882 1109 1980 Delphikap.
1124 1886 1198 1950 282.
1213 1884 1375 1950 Plutarch.
1390 1895 1515 1972 quaest.

341 2014 388 2076 gr.
429 1991 473 2076 9).
532 1990 683 2078 [Dionys.
725 1990 902 2078 Halicarn]
961 1992 1028 2056 Art.
1077 1992 1193 2058 rhetor.
1232 1993 1260 2056 V
1296 2017 1327 2079 p.
1364 1992 1428 2057 243
1465 1992 1515 2057 ed.

342 2099 472 2163 Reiske.
489 2103 514 2180 ⁹)
561 2098 811 2164 Hebdomadem
827 2099 1024 2186 Pythagorei
1049 2099 1168 2164 bonam
1186 2099 1416 2178 valetudinem,
1439 2110 1515 2164 tem·

341 2229 413 2293 pus,
428 2203 539 2286 solem,
551 2206 733 2270 llinervam
748 2205 1160 2292 intellexerunt(Alexand.
1175 2207 1216 2270 ad
1229 2208 1363 2273 Aristot.
1373 2207 1515 2293 Metaph.

341 2311 497 2379 1598512
513 2311 569 2399 26)
593 2335 659 2377 non
683 2313 776 2378 aliter
798 2325 895 2400 atque
924 2316 1109 2400 opinionem
1137 2325 1169 2378 ct
1203 2314 1350 2379 tellurem
1375 2314 1515 2401 dyadem

342 2443 416 2486 esse
442 2434 651 2487 censuerunt.
698 2421 864 2486 Philolaus
889 2431 998 2486 autem
1022 2424 1139 2486 rationi
1163 2420 1402 2487 hebdomadem
1428 2421 1515 2487 adiu·

341 2527 464 2593 dicavit
492 2525 665 2612 (Theolog.
696 2529 834 2595 Arithm.
871 2529 923 2593 ed.
953 2529 1024 2610 Ast,
1060 2529 1192 2615 Lipsiae
1222 2531 1307 2595 1817
1344 2553 1374 2615 ρ.
1406 2527 1462 2614 55)
1490 2532 1514 2614 ).

341 2633 465 2700 Confer
500 2638 597 2700 etiam
623 2635 774 2701 Proclum
812 2638 841 2700 in
878 2635 959 2700 Plat.
990 2636 1072 2700 Tim.
1098 2636 1150 2700 III
1176 2636 1239 2702 168
1264 2636 1290 2701 C
1325 2643 1377 2705 καὶ
1406 2644 1465 2729 γὰρ
1496 2644 1515 2721 ἡ

342 2749 436 2826 μονὰς
458 2749 509 2811 ιιοιὶ
532 2747 624 2822 ἑττὰς
653 2747 777 2834 ἀριῦμοὶ
805 2749 902 2835 respui
925 2765 1011 2824 τινες·
1060 2750 1078 2828 ἡ
1111 2751 1163 2834 μέν
1198 2771 1235 2833 γε
1270 2750 1361 2834 μονὰς
1384 2749 1516 2814 cortun

341 2861 417 2932 νοῦς,
442 2857 461 2936 ἡ
483 2853 625 2931 δὲὲττὰς
647 2858 684 2918 τό
709 2857 791 2919 κατὰ
814 2863 881 2920 νοῦν
906 2865 975 2945 φῶς,
997 2857 1048 2919 καὶ
1071 2857 1123 2919 διὰ
1146 2863 1240 2919 τοῦτο
1264 2857 1316 2920 καὶ
1340 2856 1356 2918 ό
1379 2857 1515 2942 τερικόσ-

342 2985 409 3049 μιος
441 2971 509 3038 νοῦς
537 2963 701 3046 μοναδικός
735 2984 770 3025 τε
805 2964 855 3026 καὶ
890 2961 1099 3051 ἑβδομαδικός
1126 2963 1214 3027 ἐστιν.
1262 2957 1465 3044 Pythagorei
1483 2966 1518 3022 ut

340 3063 442 3129 multa
475 3088 493 3129 e
523 3074 634 3128 vetere
666 3062 815 3151 populari
852 3063 1007 3146 religione
1037 3064 1320 3150 deprompserunt,
1356 3066 1401 3128 ita
1439 3063 1516 3129 heb-

341 3171 512 3237 domadem
537 3170 681 3236 indidem
708 3183 929 3258 sumpserunt,
956 3193 1154 3258 quamquam
1171 3171 1255 3235 hanc
1280 3175 1311 3236 in
1328 3171 1429 3236 multa
1452 3193 1515 3236 non

340 3276 511 3366 popularia
533 3274 777 3362 transtulerunt,
808 3302 836 3343 e.
861 3301 892 3364 g.
919 3301 991 3342 cum
1028 3278 1223 3343 chordarum
1248 3276 1339 3364 lyrae
1368 3287 1516 3365 septena-

341 3388 424 3451 rium
462 3407 635 3451 numerum
661 3387 905 3450 constituerent.
921 3385 944 3458 4)
992 3387 1029 3449 In
1067 3386 1276 3472 Hippocratis
1316 3388 1438 3471 scripta
1476 3385 1516 3450 ab

340 3492 573 3558 Alexandrinis
619 3502 774 3579 receptus
821 3503 872 3556 est
917 3492 1047 3556 libellus
1093 3489 1165 3585 ‘rep'
1211 3491 1413 3586 ἑβδομάδων’,
1462 3495 1515 3579 qui

341 3602 405 3666 iam
441 3623 505 3666 nou
542 3622 673 3686 graece,
709 3600 769 3664 sed
805 3599 936 3664 arabice
972 3609 1080 3665 exstat
1116 3611 1148 3664 et
1182 3603 1214 3664 in
1243 3621 1340 3686 quem
1369 3599 1517 3666 Galenus

340 3710 608 3772 commentarium
640 3709 831 3794 composuit.
873 3707 976 3772 Cuius
1011 3705 1112 3771 libelli
1142 3709 1338 3794 principium
1368 3716 1419 3771 est
1453 3707 1516 3772 for·

343 3837 427 3878 mam
452 3815 564 3880 mundi
582 3816 720 3901 eiusque
737 3817 876 3901 partium
902 3817 949 3880 sic
967 3825 1112 3879 ornatam
1136 3837 1222 3892 esse,
1248 3827 1283 3879 ut
1306 3817 1415 3880 omnia
1439 3814 1515 3878 heb·

341 3921 513 3986 demadem
538 3925 779 4008 exprimant⁵):
820 3945 894 3987 esse
918 3924 1016 4007 igitur
1039 3932 1165 4008 septem
1189 3924 1295 4008 spatia
1318 3923 1413 3998 vitae,
1444 3944 1515 4008 sep·

450 4138 468 4195 'r
491 4133 531 4188 uf.
553 4135 684 4198 Roscher,
705 4135 804 4189 Philol.
826 4135 871 4188 hX
893 4135 985 4200 (1901)
1004 4154 1031 4204 p.
1051 4135 1103 4188 362
1123 4135 1187 4188 adn.
1207 4135 1231 4187 ό.

448 4223 529 4286 ’1)01.
550 4225 634 4278 etiam
654 4225 866 4293 Dlttenberger,
888 4225 954 4294 Syll.
974 4224 1062 4278 Iuscr.
1085 4223 1183 4278 Gracc.
1203 4243 1228 4278 n.
1253 4225 1312 4291 552,
1333 4225 1347 4277 7
1368 4223 1396 4278 II
1414 4211 1440 4294 p.
1455 4223 1514 4277 242.

448 4317 468 4380 ³)
488 4314 612 4375 Bocclrh,
633 4315 772 4368 Philolaus
791 4333 817 4384 p.
840 4315 898 4368 lo‘i.
920 4315 1016 4378 Zeller,
1038 4315 1138 4368 Philos.
1152 4315 1178 4368 d.
1191 4315 1351 4369 Grisch.⁵l
1370 4333 1395 4382 p.
1416 4312 1475 4366 390.

446 4407 468 4471 ⁴)
489 4403 525 4458 uf
550 4403 628 4458 Kroll
649 4404 666 4458 l.
687 4405 702 4457 l.

447 4495 469 4562 ὃ)
490 4493 530 4547 cf.
551 4493 621 4546 Phil.
637 4494 670 4547 de
691 4494 781 4562 opilic.
801 4492 1029 4563 rnoudi198p.
1049 4493 1084 4546 33
1104 4493 1147 4546 ed.
1161 4493 1236 4548 Cohu
1257 4489 1282 4558 ἐξ
1301 4491 1328 4549 οὗ
1349 4493 1424 4563 δῆλόν
1442 4489 1516 4552 ἔστιν.

340 4583 375 4639 ὅτι
393 4587 409 4652 ἡ
428 4591 471 4652 τῆς
490 4579 632 4652 ἑβδομάδος
652 4583 722 4639 οὐσία
743 4626 748 4636 .
769 4627 774 4638 .
796 4627 801 4639 .
822 4582 948 4655 ἀρχὴκαὶ
968 4584 1091 4638 συνελόντι
1110 4587 1205 4652 φράσαι
1225 4585 1370 4652 ἀσωμάτων
1391 4581 1455 4651 ὁμοῦ
1473 4583 1516 4637 καὶ
