3496 5310
746 429 789 503 33

157 649 311 718 dicuntur
339 649 454 734 elegiis
482 651 603 718 Naida.
652 653 800 720 crebrior
829 651 924 720 huius
956 650 1082 718 lormae
1113 669 1189 718 usne
1220 657 1271 718 ert
1299 647 1386 734 apud

156 757 417 839 Propertium.
473 758 601 826 Graece
632 761 718 826 cuim
748 759 855 826 flexit:
895 759 1008 826 Iliada
1036 757 1177 826 Pallada
1200 758 1387 826 Sahnonida

154 865 310 933 Briseida
325 865 469 932 Minoida
487 865 636 934 Colchida
651 867 805 952 Phyllida
820 867 1030 951 Androyeona
1044 865 1200 933 Helicona
1222 864 1386 951 Apamam-

153 993 239 1039 nona
251 973 433 1056 Amphiona
443 974 611 1059 Babylona
622 975 769 1059 Pythona
784 974 1011 1042 Thermodonta
1021 973 1166 1040 Acronla
1180 969 1387 1042 Oromedonto

154 1081 314 1148 Simoenta
351 1082 587 1165 Polydamanta
623 1083 756 1150 Atlanta
793 1083 890 1150 Pana
918 1081 1055 1149 Hectora
1094 1081 1228 1150 Castora
1267 1080 1387 1149 Thesea

158 1185 284 1271 Orphea
295 1188 435 1255 Penthea
448 1189 551 1256 Nirea
560 1212 698 1273 paeana.
738 1189 951 1273 Propertium
965 1208 1004 1255 ac
1023 1187 1205 1272 Vergilium
1218 1188 1385 1256 Ovidius

154 1295 323 1376 aliquanto
359 1296 545 1378 superavit,
582 1297 673 1364 cuius
708 1297 743 1364 in
779 1297 872 1364 libris
903 1296 1133 1363 inveniuntur:
1172 1296 1386 1364 Prothoenora

154 1401 327 1470 Phobetora
343 1403 481 1470 Hectora
498 1405 634 1471 Nestora
650 1404 811 1473 Antenora
826 1406 976 1472 Alastora
993 1404 1193 1488 Polymelora
1209 1403 1385 1488 Elpenora5

153 1509 305 1593 Lycaona
339 1511 471 1578 Tritona
500 1512 646 1596 Pythona
681 1511 846 1598 Aepaeona
882 1512 1037 1580 Helicona
1070 1509 1214 1578 &anna
1247 1511 1387 1580 Chirona

153 1618 336 1701 Amphiona
372 1619 531 1688 Actaeona
567 1619 684 1687 lamna
718 1621 913 1687 Palaemona
942 1619 1178 1704 Polydacmona
1214 1619 1386 1686 Damasic-

153 1727 249 1792 thano
274 1725 438 1809 Calydona
461 1726 674 1796 Laomedonta
696 1727 866 1794 Pandiona
892 1725 1069 1811 Cromyona
1096 1726 1258 1812 Peheyona
1280 1727 1386 1794 Phile·

151 1854 246 1898 mona
258 1833 473 1916 Erysicthona
484 1833 634 1915 lociana·
650 1833 823 1902 Acheronta
841 1835 1067 1902 Daemoleonto
1082 1833 1209 1902 Dolona
1219 1833 1386 1920 Ayamem·

150 1962 237 2007 nona
275 1941 438 2008 Noemona
478 1941 606 2010 Thmoo
642 1941 802 2023 Acmona·
845 1943 981 2009 Persida
1018 1942 1146 2009 Dorida
1183 1941 1387 2026 Epimethida

154 2048 321 2114 Tritonida
364 2048 520 2116 Sidonida
567 2048 724 2117 Coronida
772 2049 945 2118 Cadmeida
990 2049 1194 2133 Phorcynida
1238 2050 1386 2118 Danlida

152 2153 320 2239 Psophide
350 2157 458 2223 Asida
482 2156 640 2241 Nycteida
670 2157 816 2241 Asopida
844 2157 969 2225 Deoida
999 2157 1166 2225 Bisaltida
1194 2157 1385 2226 Macareida

152 2263 306 2330 Titanida
337 2263 493 2331 Pirenida
521 2264 694 2332 Erecthida
723 2264 873 2332 Curetida
901 2265 1053 2331 Baucida
1086 2265 1257 2348 Triopeida
1289 2265 1385 2350 Caly·

150 2372 273 2437 donida
295 2370 468 2454 Mycenida
491 2371 631 2438 Nereida
657 2371 854 2438 Galanthida
873 2371 1018 2455 Byblida
1037 2371 1188 2438 Miletida
1212 2371 1386 2440 Cebrenida

149 2478 275 2544 Aulida
303 2477 536 2546 Phaethontida
564 2479 762 2563 Dymantida
793 2479 965 2548 Dodonida
994 2479 1156 2560 Lnrcada;
1188 2480 1386 2548 Athamanta

148 2585 305 2668 Dryanta
328 2585 522 2668 Periphanta
546 2585 778 2672 Polydamanta
797 2587 927 2654 Paeona
949 2586 1044 2653 Pano
1060 2586 1202 2653 Pallada
1228 2589 1385 2654 Troezena

149 2694 294 2777 Syrinya
305 2692 501 2760 Amathunta
512 2692 656 2777 Laelapa
668 2694 863 2761 Phaethonta
874 2695 990 2761 Minoa
1002 2694 1102 2780 Styya
1122 2692 1223 2779 Ceyca
1239 2695 1386 2779 Ampyca

149 2801 258 2866 Nerea
281 2799 396 2868 Protea
418 2801 557 2868 Pentheo
580 2800 698 2868 Persea
718 2801 838 2884 Cephea
853 2802 977 2868 Phinea
992 2801 1124 2886 Hypsea
1139 2802 1269 2886 Molpea
1287 2801 1385 2870 Tereo

148 2909 255 2992 Aeyea
278 2908 372 2974 Pelea
398 2909 516 2976 Thesea
541 2907 644 2976 Oenea
669 2908 792 2977 Caenea
810 2905 935 2992 Orphea
958 2909 1114 2994 Morphea
1129 2909 1262 2993 Ryphea
1280 2909 1385 2978 Toaea

148 3015 314 3082 Sminthea
331 3013 496 3098 Capherea
516 3016 663 3100 Typhoea
675 3016 704 3104 (e
719 3022 754 3082 et
770 3039 791 3083 a
807 3016 975 3083 vocalibus
992 3015 1025 3082 in
1043 3016 1203 3082 unitatem
1220 3016 1382 3104 deductis)

148 3124 326 3190 momenta
348 3125 462 3208 cepido
485 3145 561 3192 acra
583 3124 710 3192 aethera
733 3131 857 3191 matera
880 3125 973 3208 lynca
996 3125 1122 3191 orendo.

242 3249 273 3314 l.
306 3247 375 3314 Iam
405 3247 512 3315 oritur
535 3249 696 3331 quaestio,
720 3251 878 3332 quomodo
901 3257 1020 3333 poetae
1037 3248 1260 3317 accusativum
1277 3249 1381 3316 nomi-

147 3375 227 3422 num
251 3355 286 3420 in
309 3379 381 3432 -ως
403 3357 490 3439 apud
507 3357 653 3424 Graecos
675 3359 864 3424 exeuntium
881 3357 1147 3425 terminaverint.
1196 3357 1381 3424 Catullus

146 3481 214 3530 uno
239 3463 271 3529 in
296 3481 394 3530 versu
419 3463 484 3548 (66.
503 3463 551 3549 46)
576 3465 637 3530 tali
661 3465 851 3532 accusativo
875 3483 953 3565 usus
978 3469 1043 3532 est:

366 3585 432 3672 ‘per
453 3591 590 3657 medinm
613 3591 712 3658 classi
735 3591 874 3659 barbara
896 3593 984 3658 nard
1006 3586 1133 3674 Athon‘‚

241 3713 445 3798 Vergilius
469 3716 595 3782 duobus
618 3716 716 3782 locis:

147 3839 220 3906 XII
244 3839 324 3906 513:
359 3836 421 3906 ‘ille
445 3841 546 3908 Talon
571 3842 757 3925 Tanainque
779 3845 846 3910 neci
861 3843 1040 3926 sortemque
1065 3837 1239 3927 Cetheynm‘

146 3966 201 4031 gc.
230 3949 258 4012 1.
275 3964 343 4018 332:
376 3944 444 4014 ‘ant
467 3949 568 4016 Athon
590 3957 647 4016 ant
668 3949 839 4033 Rhodopen
862 3957 918 4017 ant
941 3951 1008 4017 alta
1033 3949 1195 4018 Ceraunia
1216 3947 1293 4034 telo',

239 4071 406 4140 Ovidius
429 4073 462 4140 in
486 4075 791 4156 metamorphoseon
816 4075 867 4141 XI
890 4075 972 4142 554:

279 4176 345 4247 ‘nec
368 4181 465 4248 onio
487 4204 581 4266 paam
604 4185 635 4249 si
657 4185 728 4265 pais
751 4183 859 4250 Athon
880 4184 1057 4249 Pindumve
1078 4179 1239 4250 revulsos'.

239 4287 334 4356 Haec
356 4289 487 4355 nomina
506 4309 527 4357 a
543 4289 680 4357 Graccis
708 4290 743 4356 in
766 4315 819 4356 -a
842 4291 930 4356 finiri
954 4291 1071 4372 solent,
1097 4309 1290 4373 quamquam
1314 4310 1378 4358 non

146 4397 271 4463 desunt
292 4396 356 4464 loci
377 4398 494 4478 quibus
510 4423 583 4464 -ων
599 4404 717 4466 exstet.
754 4398 783 4466 si
800 4398 938 4464 Romani
955 4399 1097 4464 alteram
1113 4399 1378 4465 terminationem

146 4525 204 4570 -on
228 4503 387 4572 adhibere
408 4503 592 4590 voluerunt,
617 4527 652 4572 -o
670 4506 819 4572 vocalem
834 4506 972 4588 produci
988 4507 1173 4588 oportebat.
1214 4511 1251 4572 ut
1267 4512 1378 4572 antem

146 4632 207 4678 -on
229 4610 379 4677 omnibus
403 4608 477 4677 icre
501 4612 581 4678 locis
604 4612 638 4678 in
662 4613 825 4695 positione
848 4613 990 4695 positum
1015 4619 1082 4692 est,
1112 4612 1161 4677 ita
1184 4613 1270 4694 apud
1294 4613 1378 4679 Ver-

203 4767 384 4824 Sulelrottr‚
398 4768 434 4813 De
448 4778 536 4816 vocum
549 4771 700 4815 (omnen.
1253 4755 1270 4810 3
