3452 5316
853 399 861 408 ’
928 392 971 455 38

339 609 436 688 24,ιι
486 603 609 670 Οιῖκοίν
633 602 745 692 μιμλίλ
771 602 862 692 ἥλιος
885 603 922 670 α’-
979 607 1094 672 niardi.
1113 607 1142 669 V
1155 633 1182 674 ιε
1215 601 1306 679 ὅπως
1328 603 1470 692 γε’νροθε
1498 603 1559 670 νλοὶ

383 735 511 788 maetas·
548 713 685 798 (bonum
720 720 752 779 et
785 713 923 800 malum)
1022 715 1082 778 τοῦ
1105 709 1232 801 πατρὸς
1255 709 1347 795 ὑμῶν
1367 715 1427 776 τοῦ
1450 710 1486 777 ἑν
1509 709 1562 778 οὐ·

382 818 602 910 θερμαινὲτω,
619 816 696 907 μηδ’
712 817 730 907 ἡ
746 824 785 908 γῆ
797 819 924 908 καρτιόν
1024 825 1152 910 ρανοῖς,
1181 815 1234 885 ὅτι
1256 815 1313 883 τὸν
1342 816 1434 907 ἥλιον
1463 817 1564 885 αὑτοῦ

383 926 490 994 ἅπασι
518 925 657 1016 φερέτω.
1024 925 1195 993 ἀνατέλλει
1225 922 1283 992 ἐπὶ
1312 923 1481 1014 πονηροὺς
1511 927 1563 992 καὶ

1023 1031 1183 1119 ἀγαθοὺς,
1211 1033 1266 1099 καὶ
1289 1031 1400 1122 βρέχει
1430 1032 1487 1099 ἐπὶ
1516 1035 1563 1100 ὄι-

1023 1141 1138 1217 καίοος
1161 1141 1216 1206 καὶ
1240 1136 1386 1216 α’δλκοος.

425 1268 608 1332 Redeamus
643 1273 751 1331 autem
787 1268 829 1332 ad
863 1267 1077 1349 propositum.
1137 1266 1382 1348 Comparandus
1422 1273 1473 1332 est
1508 1265 1563 1332 ille

335 1375 426 1440 loeus
451 1373 606 1456 Gregorii
630 1393 702 1440 eum
728 1373 847 1439 Aenea.

337 1500 389 1582 65,
404 1531 428 1569 11
455 1495 506 1564 Ἢ
526 1496 585 1579 οὐχ
606 1497 697 1588 ὁρᾶς,
718 1497 770 1565 ὅτι
786 1497 804 1564 ὀ
821 1504 923 1578 σῖτος,
978 1502 1017 1566 de
1041 1500 1140 1566 anim.
1166 1501 1274 1566 255ss
1304 1501 1350 1584 (=
1374 1498 1499 1566 Paulus
1523 1501 1563 1566 ad

382 1603 461 1672 ὅταν
512 1603 613 1672 αι’τόν
664 1604 696 1672 οἱ
745 1603 924 1694 ἄνθρωποι
1023 1607 1168 1674 Corinth.
1193 1608 1220 1690 Ι,
1236 1607 1300 1674 XV
1315 1607 1358 1689 aa)
1381 1602 1484 1695 Ἐρεῖς
1507 1595 1562 1670 οὖν

383 1713 578 1802 σπείροντες
599 1717 638 1802 γῇ
653 1710 839 1801 κρύψωοιν,
863 1711 922 1780 αὖ·
1022 1737 1090 1797 μοι.
1137 1716 1218 1789 Πιῦς
1247 1711 1427 1801 ἐγείρονται
1457 1709 1489 1778 οἱ
1514 1737 1561 1778 νε-

381 1820 437 1897 ιὸς
460 1820 521 1904 μὲν
537 1817 673 1910 ἐφθάρη
698 1823 754 1887 καὶ
778 1819 922 1908 ἐξεχύθη
1022 1822 1114 1909 κροί,·
1155 1821 1242 1906 ποίῳ
1279 1819 1315 1886 δὲ
1350 1817 1480 1902 σώματι
1512 1817 1561 1908 ἕρ

375 1917 436 1994 Ικαὶ
463 1927 633 2015 τέθνηκεν,
661 1927 679 1993 ὁ
704 1927 740 1994 δὲ
764 1929 922 2015 δημιουρ·
1021 1951 1155 2010 χοιται,·
1177 1925 1317 2016 'Ammo-v,
1349 1927 1444 2016 φησί,
1478 1923 1518 1993 οὐ
1545 1925 1561 1990 ὁ

382 2034 471 2119 γικός
495 2033 598 2100 αὐτοῦ
628 2033 722 2119 λόγος
841 2031 921 2100 α’να-
1023 2035 1186 2124 σπείρεις,
1232 2032 1272 2100 οὐ
1305 2033 1344 2100 τὸ
1389 2038 1503 2118 σῶμα
1526 2031 1561 2099 τὸ

382 2143 530 2231 ζωπυρεῖ
563 2141 834 2228 καταοβεοθὲντα
864 2139 921 2206 τὸν
1021 2139 1236 2229 γενησόμενον
1275 2140 1440 2227 σπείρεις,
1479 2137 1559 2207 α’λλοὶ

383 2254 484 2316 σῖτον.
1021 2246 1144 2334 γυμνὸν
1171 2247 1295 2328 κόκκον,
1324 2245 1356 2314 εἰ
1378 2246 1483 2329 τύχοι,
1512 2247 1558 2314 σι’-

1019 2381 1079 2421 του
1104 2353 1122 2444 ἢ
1139 2352 1240 2422 ἄλλον
1263 2353 1354 2431 τινὸς
1376 2360 1442 2420 τιῦν
1463 2379 1557 2441 οπερ-

1019 2460 1142 2547 μολτων.
1189 2461 1224 2530 Ὁ
1246 2462 1283 2529 δὲ
1311 2460 1392 2540 θεὸς
1423 2462 1557 2529 δίδωσιν

1020 2568 1110 2655 αὐτῷ
1129 2575 1235 2654 σῶμα,
1256 2569 1371 2646 καθώς
1388 2567 1555 2659 ἠθέλησεν.

427 2707 517 2790 Quae
546 2705 728 2772 similitudo
759 2712 869 2772 exstat
901 2705 936 2771 in
970 2705 1031 2772 illa
1062 2705 1187 2787 dialogi
1214 2713 1310 2787 parte
1345 2725 1409 2786 qua
1433 2705 1556 2770 Aeneas

337 2816 548 2896 demonstrat,
574 2815 732 2894 quomodo
753 2832 899 2895 quaeque
923 2814 1033 2879 anima
1057 2833 1175 2895 corpus
1197 2820 1372 2895 receptura
1395 2813 1449 2878 sit.
1495 2813 1556 2878 Ra-

336 2921 457 2987 tionem
490 2929 599 2986 autem
629 2921 926 3003 argumentationis
957 2921 1170 3003 philosophus
1201 2921 1259 2986 ille
1289 2920 1401 2986 hausit
1431 2939 1448 2986 e
1476 2937 1556 2986 eom-

336 3029 536 3094 mentatione
569 3030 608 3094 de
642 3027 773 3110 opificio
806 3029 948 3094 hominis
983 3030 1210 3094 demonstrans
1243 3029 1372 3108 quidem
1405 3025 1556 3092 nonnulla

335 3135 433 3218 longe
457 3136 557 3201 aliter
580 3142 678 3216 atque
695 3136 886 3218 Gregorius,
911 3136 960 3202 ita
984 3143 1019 3201 ut
1043 3137 1195 3202 videatur
1218 3154 1351 3217 operam
1374 3134 1555 3214 navavisse,

336 3250 373 3308 ut
395 3243 563 3308 meliorem
594 3245 745 3308 redderet
768 3243 951 3310 doctrinam
975 3263 1070 3324 quam
1101 3243 1293 3326 accepisset.
1341 3242 1457 3323 itaque
1486 3259 1556 3306 con·

336 3350 437 3415 sentit
461 3351 590 3430 quidem
619 3369 691 3415 eum
716 3351 877 3432 Gregorio
902 3370 1019 3432 eorpus
1044 3351 1258 3433 compositum
1286 3369 1356 3416 esse
1381 3369 1398 3415 e
1423 3347 1556 3414 materia

337 3463 369 3522 et
405 3459 512 3523 forma
551 3458 706 3538 illamque
742 3458 864 3524 mutari
898 3464 932 3524 et
962 3458 1123 3541 dispergi,
1165 3459 1250 3524 hane
1288 3463 1396 3523 autem
1428 3458 1557 3522 eandem

336 3583 466 3646 semper
489 3584 568 3630 esse.

337 3689 422 3772 65,o
469 3685 520 3772 Ἐξ
549 3685 629 3776 ὕλης
658 3690 713 3755 καὶ
744 3690 854 3764 εἴδους
884 3686 921 3754 τὸ
976 3691 1015 3756 de
1044 3690 1124 3772 opif.
1153 3691 1215 3754 117
1266 3686 1471 3756 Ἀλλοιοῦται
1501 3686 1553 3771 μὲν

382 3800 486 3879 σῶμα.
518 3794 561 3861 Ἡ
580 3794 641 3879 μὲν
662 3787 720 3862 οὖν
744 3793 921 3884 ῧλρφθεί-
1019 3795 1081 3883 γὰρ
1127 3793 1171 3862 δι’
1210 3793 1380 3885 αὐξήσεως
1426 3821 1461 3862 τε
1506 3795 1556 3862 καὶ

381 3927 474 3990 ρεται
490 3902 545 3968 καὶ
567 3900 749 3981 διαλύεται,
776 3901 866 3986 μένει
884 3902 921 3970 δὲ
1019 3901 1188 3989 μειώσεως
1203 3901 1241 3968 τὸ
1266 3907 1372 3987 σῶμα,
1397 3896 1468 3970 οἷον
1484 3900 1556 3987 ἰμά-

381 4014 466 4086 σιῦος
496 4011 551 4076 καὶ
580 4007 699 4088 dieras·
722 4015 781 4076 roi
811 4012 921 4087 εἴδους
1018 4009 1074 4078 aad
1090 4036 1175 4090 τινα,
1199 4008 1258 4088 τὰς
1274 4015 1418 4100 καθεξῆς
1435 4009 1559 4100 ἡλικίας

381 4115 525 4202 ὁλὸγος.
1019 4117 1287 4202 μετενδοόμενον.
1342 4115 1479 4208 ‘anque
1524 4117 1558 4184 δὲ

1020 4224 1076 4293 διὰ
1100 4225 1211 4315 πάσης
1225 4229 1352 4316 τροφῆς
1375 4223 1557 4314 ἀμετάβλη-

1019 4359 1076 4399 τον
1101 4331 1154 4422 ἕιρ’
1178 4332 1298 4400 ἑαυτοῦ
1320 4333 1358 4398 τὸ
1381 4326 1482 4410 eidos.

424 4467 545 4532 Contra
574 4469 756 4550 Gregorius
791 4470 920 4549 quidem
946 4471 1148 4536 demonstrat
1181 4470 1264 4535 illud
1296 4460 1385 4545 ελδος
1413 4469 1460 4556 (=
1485 4472 1557 4535 sub-

335 4574 506 4656 stantiam,
541 4576 716 4642 essentiam
750 4576 943 4662 (eorporis))
978 4582 1105 4643 tantum
1141 4577 1348 4644 coniunctum
1382 4597 1455 4644 esse
1488 4595 1555 4644 eum
