3452 5314
905 403 949 466 40

312 620 439 685 duabus
461 619 602 702 syllabis
625 617 835 701 pronuntiari
850 617 1020 701 voluisset,
1045 637 1118 684 oum
1141 617 1292 685 omnibus
1315 619 1436 684 ceteris
1457 618 1542 684 loeis

310 725 444 792 nomina
473 726 597 793 Nereus
627 732 660 792 et
687 725 823 792 Perseus
851 725 900 791 ita
928 725 1114 807 adhiberet,
1146 730 1183 791 ut
1211 744 1322 792 eornm
1349 725 1541 792 terminatio

310 834 377 900 nisi
399 852 459 915 pro
484 833 664 916 dipthongo
688 832 805 898 haberi
832 851 897 898 non
920 839 1041 915 posset.
1088 833 1175 898 Nam
1197 839 1255 898 aut
1279 832 1314 898 in
1337 833 1402 898 fine
1425 851 1542 899 versus

310 941 446 1024 (Nereus
469 941 551 1008 XIV
569 942 619 1022 18,
643 940 742 1008 XVII
758 937 836 1025 624)
861 946 919 1006 aut
942 939 978 1005 in
993 939 1064 1006 arsi
1088 938 1225 1026 (Nereus
1249 939 1303 1006 III
1320 941 1373 1023 49,
1398 939 1447 1008 IV
1464 940 1539 1020 298,

310 1049 374 1117 XV
391 1050 456 1114 240
487 1047 622 1114 Perseus
645 1047 727 1116 XIV
743 1047 822 1132 616)
850 1047 961 1129 posita
984 1053 1042 1113 est.
1090 1047 1153 1112 His
1182 1047 1330 1129 exeeptis
1353 1046 1542 1114 nominibus

310 1158 398 1238 apud
429 1157 566 1222 eundem
595 1159 726 1237 poetam
756 1154 941 1221 invenimus
971 1155 1007 1220 in
1036 1152 1100 1220 fine
1130 1153 1314 1220 hexametri
1345 1153 1542 1221 collocatam

312 1263 577 1330 terminationem
600 1262 783 1328 nominum:

403 1371 561 1438 Aconteus
584 1369 666 1438 XVI
682 1369 758 1453 563,
775 1369 840 1436 673
875 1366 1019 1452 Orpheus
1040 1368 1091 1434 XI
1106 1369 1173 1436 460
1204 1369 1372 1454 Typhoeus
1391 1367 1461 1435 XII
1477 1369 1545 1434 660

405 1477 441 1543 16
464 1477 533 1544 arsi
556 1476 717 1559 positam:

399 1585 560 1652 Briareus
583 1583 671 1650 XIII
695 1584 761 1651 588
792 1585 925 1650 Proteus
946 1583 1014 1651 VH
1036 1583 1112 1649 420.

401 1727 534 1794 Pariter
552 1746 606 1794 res
622 1746 658 1794 se
674 1727 774 1794 habet
797 1727 832 1792 in
854 1726 984 1792 Iliade
999 1725 1160 1810 Latina,
1185 1726 1278 1794 cuius
1294 1733 1393 1809 poeta
1408 1727 1545 1793 nomina

311 1835 408 1908 huius
432 1835 564 1918 generis
588 1835 703 1901 autin
726 1833 790 1900 fine
813 1853 928 1901 versus
951 1833 1146 1901 collocavit:

405 1941 537 2010 eunus
572 1943 637 2009 206
683 1942 837 2010 Leonteus
869 1943 933 2008 182
978 1941 1180 2010 Menestheus
1215 1942 1281 2008 210
1326 1941 1447 2008 Nireus
1479 1943 1544 2007 195

314 2051 427 2117 Peleus
451 2051 516 2116 986
546 2049 687 2135 Phcycus
711 2048 777 2116 406

400 2163 459 2224 aut
480 2157 531 2223 ita
552 2157 665 2225 versui
688 2156 838 2239 inseruit,
863 2163 900 2222 ut
923 2155 1112 2223 terminatio
1136 2156 1228 2223 arsin
1252 2155 1419 2224 efficeret:

401 2263 588 2331 Idomeneus
612 2264 686 2347 208,
703 2264 778 2346 429,
795 2263 862 2330 680
892 2264 1049 2348 Rhytieus
1073 2265 1147 2330 777.

401 2389 606 2471 Permagnus
636 2394 686 2455 est
709 2407 862 2454 numerus
891 2389 1058 2455 nominum
1085 2388 1182 2455 huius
1211 2389 1343 2471 generis
1372 2389 1409 2454 16
1432 2389 1543 2456 Stati

313 2496 476 2578 operibus
508 2495 565 2578 qui
594 2495 631 2561 16
657 2495 782 2563 Silvis
812 2495 944 2580 syllaba
971 2517 1041 2562 -eus
1071 2500 1130 2562 aut
1156 2515 1287 2562 versum
1318 2495 1440 2562 elausit
1471 2496 1543 2563 sive

312 2603 496 2671 heroicum:

404 2711 542 2778 Theseus
570 2709 623 2776 III
646 2711 760 2792 3,179
804 2708 947 2793 Orpheus
969 2713 999 2779 V
1025 2712 1053 2794 1,
1072 2711 1131 2792 243
1167 2711 1198 2794 5,
1215 2711 1258 2776 64
1304 2710 1376 2776 sive
1400 2709 1544 2776 Phalae-

313 2818 416 2885 cium:
451 2817 596 2902 Orpheus
618 2816 654 2883 II
678 2818 707 2901 7,
724 2817 768 2885 69
950 2901 952 2908 Ι

403 2931 461 2992 aut
483 2925 576 2992 arsin
598 2925 782 2991 hexametri
806 2925 968 3009 explevit:

405 3033 519 3100 Peleus
541 3033 577 3099 ΙΙ
602 3035 632 3117 1,
649 3033 693 3099 90
721 3034 857 3100 Proteus
879 3033 932 3099 HI
958 3034 987 3115 2,
1004 3032 1056 3099 36.

403 3176 552 3243 Plurima
582 3181 691 3242 autem
722 3176 882 3243 eiusmodi
912 3177 1046 3243 nomina
1073 3176 1220 3243 continet
1249 3175 1394 3242 eiusdem
1425 3183 1543 3258 poetae

315 3303 403 3368 epea,
435 3285 522 3365 quod
544 3284 739 3350 inscribitur
762 3284 943 3350 Thebais.
990 3284 1061 3368 Quo
1092 3283 1128 3349 in
1155 3283 1300 3350 carmine
1323 3302 1440 3350 versus
1469 3283 1543 3349 fini-

314 3397 413 3458 untur
435 3391 632 3474 nominituo,
657 3392 839 3473 dequibus
863 3391 984 3474 agitur,
1009 3390 1061 3457 his
1084 3391 1182 3457 loeis:

404 3517 563 3585 Aconteus
584 3517 652 3587 VII
675 3517 742 3584 690
780 3518 906 3602 Ayreus
928 3517 976 3585 VI
999 3518 1075 3598 912,
1104 3515 1188 3584 VIII
1211 3517 1275 3581 441
1317 3516 1473 3602 Ayyllcus
1497 3517 1544 3584 VI

315 3626 390 3708 837,
408 3625 482 3708 868,
507 3625 540 3690 Χ
564 3625 639 3708 269,
656 3625 721 3691 308
752 3625 905 3690 Alatreus
927 3623 994 3693 VH
1017 3624 1092 3706 300,
1117 3622 1169 3689 XI
1192 3622 1235 3689 36
1270 3623 1403 3706 Enipeus
1425 3623 1478 3688 XI
1500 3623 1545 3689 50

314 3733 458 3816 Hopleus
480 3732 564 3801 VIII
586 3732 661 3815 726,
684 3732 718 3797 Χ
739 3732 814 3815 347,
828 3731 903 3813 360,
918 3731 992 3814 376,
1007 3731 1073 3797 402
1103 3729 1254 3814 Hypseus
1277 3730 1344 3799 VII
1360 3731 1435 3813 723,
1461 3729 1545 3799 VIII

315 3841 391 3923 428,
405 3841 480 3923 446,
505 3839 557 3906 IX
573 3841 648 3922 262,
662 3839 738 3922 266,
751 3839 826 3921 668,
851 3838 902 3904 XI
918 3839 984 3905 280
1014 3838 1169 3906 Leonteus
1184 3838 1235 3904 IX
1253 3837 1317 3903 133
1344 3838 1545 3906 Menestheus

314 3949 364 4016 VI
387 3948 462 4030 661,
485 3947 559 4030 698,
583 3947 648 4013 726
684 3947 870 4013 Menoeceus
892 3947 959 4014 VH
983 3946 1057 4027 260,
1080 3947 1155 4028 641,
1180 3945 1264 4012 VIH
1287 3945 1362 4028 367,
1392 3945 1444 4010 IX
1469 3947 1543 4029 267,

318 4055 350 4121 X
374 4055 454 4138 766,
485 4055 537 4121 XI
561 4056 640 4137 264,
663 4054 728 4121 663
782 4052 904 4120 Oeneus
934 4052 1054 4136 I669,
1085 4053 1210 4119 11166
1258 4049 1403 4136 Orpheus
1424 4053 1456 4121 V
1480 4053 1545 4119 344

316 4162 473 4230 Perslheus
496 4162 562 4230 VH
583 4163 646 4228 211
679 4162 820 4248 Pheyeus
843 4161 909 4229 VH
932 4161 1007 4243 603,
1032 4160 1100 4226 XII
1117 4161 1180 4227 681
1214 4159 1398 4227 Phoroneus
1426 4159 1443 4225 Ι
1467 4161 1543 4244 642,

317 4270 353 4336 H
377 4271 456 4353 219,
495 4270 543 4337 IV
570 4271 635 4336 689
694 4269 835 4353 Phyleus
868 4269 938 4334 XII
967 4268 1032 4335 746
1088 4267 1226 4335 Theseus
1263 4266 1333 4332 XII
1367 4267 1446 4346 666,
1480 4267 1544 4333 730

318 4378 485 4464 Thyoneus
508 4379 538 4444 V
562 4377 626 4444 266
675 4378 799 4462 Tydeus
822 4377 840 4443 I
863 4376 939 4457 461,
964 4375 1000 4442 II
1026 4376 1099 4458 113,
1123 4375 1198 4456 370,
1223 4373 1350 4458 11159,
1375 4375 1451 4457 236,
1469 4375 1542 4456 324,

316 4487 347 4554 V
370 4486 449 4568 671,
473 4484 522 4553 VI
545 4486 620 4568 862,
648 4485 714 4554 VH
738 4486 813 4568 611,
842 4483 927 4554 VIII
950 4484 1026 4567 458,
1051 4483 1127 4567 720,
1155 4481 1206 4550 IX
1232 4483 1304 4566 137,
1334 4481 1367 4549 X
1390 4483 1443 4565 26,
1468 4481 1542 4562 366,

317 4591 386 4658 XII
410 4594 463 4657 41.
