3428 5310
738 422 757 486 3

225 635 298 719 Qua
329 636 368 700 de
399 653 435 700 re
469 635 707 717 perscrutanda
737 635 877 717 primum
908 635 1101 701 accedamus
1132 636 1174 701 ad
1206 635 1365 720 Aeschyli

139 741 365 826 Supplicujm
383 741 540 822 fabulam,
558 741 680 824 quippe
689 760 754 823 qua
770 742 938 823 antiquior
948 742 1121 825 tragoedia
1136 762 1201 827 pon
1214 749 1322 809 exstet
1329 741 1363 828 ¹).

224 849 324 916 Cuius
349 849 483 915 fabulae
506 849 603 916 initio
626 849 767 931 primum
788 849 875 915 diem
899 867 969 916 esse
993 867 1086 914 nemo
1111 856 1161 916 est
1184 850 1241 930 qui
1263 869 1364 934 nega-

138 956 238 1037 verit;
268 975 438 1038 quaeres,
463 957 493 1022 si
517 957 611 1022 modo
635 974 717 1038 opus
741 962 791 1022 est
814 963 1018 1039 argumento,
1043 975 1080 1022 eo
1105 956 1252 1039 fulcitur,
1278 959 1364 1038 quod

137 1065 253 1130 chorus
282 1065 373 1130 iussu
402 1065 510 1145 patris
534 1063 642 1130 Solem
670 1069 869 1146 apprecatur
899 1063 942 1149 (v.
961 1064 1040 1129 213:
1069 1064 1231 1146 καλοῦμεν
1259 1061 1364 1148 αὐγὰς

137 1169 253 1258 ἡλίου).
301 1171 410 1251 Atque
436 1176 611 1252 postquam
639 1189 693 1236 res
722 1177 789 1237 tam
817 1170 972 1237 continuo
997 1190 1095 1237 cursu
1123 1178 1362 1254 processerunt,

136 1286 170 1343 ut
192 1277 334 1344 alterum
350 1277 404 1343 vel
427 1278 561 1343 tertium
577 1278 663 1344 diem
687 1277 815 1344 interea
833 1284 939 1344 ortum
964 1297 1035 1344 esse
1052 1279 1142 1345 credi
1166 1298 1232 1344 non
1246 1279 1362 1362 possit,

135 1386 272 1451 Danaus
295 1384 352 1450 ubi
374 1384 516 1466 primum
540 1384 767 1469 Aegyptiades
797 1386 928 1452 exalto
954 1405 1031 1452 orae
1060 1386 1363 1469 appropinquantes

136 1492 230 1574 vidit,
255 1491 344 1558 filias
368 1511 409 1557 ne
432 1492 571 1557 timeant
595 1492 671 1558 illos
696 1493 888 1560 cohortatur
910 1513 941 1560 v.
960 1494 1129 1560 768—69:

402 1594 508 1674 ἄλλως
531 1623 567 1664 τε
589 1599 645 1664 καὶ
667 1596 823 1681 μολόντες
846 1596 1005 1682 α’λίμενον
1028 1597 1135 1680 χθόνα

403 1704 437 1782 ἐς
460 1702 546 1771 νύκτ’
569 1703 824 1786 ἀποστείχοντος
847 1704 951 1794 ἡλίου.

135 1817 213 1882 llum
239 1815 343 1898 igitur
366 1833 431 1880 nox
460 1833 524 1880 non
548 1815 663 1895 procul
687 1815 790 1895 absit,
822 1813 959 1880 Danaus
988 1815 1208 1896 peritissimus
1234 1816 1291 1881 ille
1315 1817 1363 1882 rei

135 1923 267 1990 navalis
290 1922 429 1988 classem
453 1940 517 1987 non
540 1921 607 1986 iam
628 1921 752 2002 appelli
769 1940 866 2004 posse
890 1940 1081 2004 persuasum
1102 1923 1209 1988 habet.
1248 1923 1363 1990 Nihilo

134 2031 242 2096 minus
273 2030 384 2096 hostes
416 2028 527 2094 eodem
557 2028 611 2094 die
646 2047 747 2094 naves
775 2029 934 2094 adoram
962 2029 1150 2111 appellunt;
1191 2030 1249 2095 vix
1278 2031 1363 2095 enim

136 2139 272 2204 Danaus
296 2136 391 2218 abiit,
417 2155 489 2202 cum
505 2135 623 2202 chorus
647 2136 774 2201 timidis
790 2136 926 2202 vocibus
950 2142 1153 2218 spectatores
1170 2137 1265 2204 docet
1288 2138 1363 2204 illos

134 2247 199 2311 iam
224 2246 260 2310 in
285 2251 407 2310 terram
423 2243 615 2324 pervenisse
639 2241 681 2328 (v.
700 2244 765 2308 825
778 2243 850 2329 sq).
889 2244 1060 2310 Postremo
1084 2244 1245 2310 adventus
1269 2265 1363 2326 prae-

135 2353 236 2434 conis,
262 2351 424 2416 auxilium
447 2350 537 2432 regis
560 2350 709 2432 Pelasgi,
740 2351 879 2431 denique
903 2351 1013 2416 omnia
1041 2357 1108 2416 tam
1136 2357 1209 2416 arto
1237 2371 1363 2418 conexu

135 2460 221 2525 inter
249 2476 322 2525 sese
346 2464 423 2522 sunt
449 2457 638 2539 coniuncta,
671 2465 706 2523 ut
729 2476 788 2539 pro
812 2465 903 2523 certo
932 2457 1048 2524 haberi
1071 2464 1171 2538 queat
1201 2459 1363 2525 actionem

136 2567 232 2632 huius
258 2565 393 2630 fabulae
417 2564 525 2645 spatio
550 2564 646 2630 unius
670 2564 736 2630 diei
761 2564 932 2630 contineri.

225 2673 341 2752 Neque
357 2671 424 2738 alio
448 2672 543 2737 modo
567 2671 602 2736 in
617 2672 752 2737 Persis
769 2672 892 2737 Atossa
915 2689 1009 2737 senes
1029 2672 1069 2736 de
1090 2670 1224 2737 fortuna
1240 2673 1363 2738 Xerxis

134 2782 359 2861 colloquentes
388 2779 472 2861 adit,
504 2785 540 2844 ut
563 2779 605 2844 iis
635 2778 792 2861 explicet,
822 2759 941 2858 quibus
971 2779 1107 2844 somniis
1131 2779 1177 2844 sit
1207 2780 1361 2846 excitata.

135 2889 193 2955 Cui
211 2890 288 2954 dum
305 2887 423 2953 chorus
447 2886 573 2968 suadet,
599 2892 635 2952 ut
651 2887 728 2952 deos
752 2893 785 2951 et
800 2886 945 2952 Dareum
968 2892 1130 2952 mortuum
1147 2885 1363 2952 libationibus

135 2996 301 3076 consulat,
333 2994 512 3059 exercitum
535 2993 711 3060 Persarum
741 3011 862 3075 magna
891 3012 1003 3076 pugna
1031 2992 1154 3058 victum
1183 3012 1254 3058 esse
1283 3013 1364 3059 nun·

134 3104 248 3169 tiatur.
289 3101 360 3185 Quo
385 3100 476 3166 facto
500 3102 622 3166 Atossa
646 3103 794 3167 umbram
810 3101 925 3168 mariti
948 3119 989 3166 ex
1013 3099 1133 3166 inferis
1157 3108 1282 3182 evocat,
1308 3102 1364 3180 qui

134 3227 271 3277 uxorem
295 3208 331 3274 in
350 3208 477 3290 regiam
492 3208 617 3274 reverti
641 3208 740 3289 iubet,
765 3215 802 3273 ut
824 3208 894 3274 filio
910 3208 1061 3274 redeunti
1086 3226 1189 3274 novas
1204 3210 1364 3288 praebeat

134 3324 254 3383 vestes.
307 3315 373 3383 Vix
406 3320 514 3380 autem
548 3315 670 3382 Atossa
708 3334 829 3381 scaena
862 3316 1017 3396 decessit,
1057 3334 1130 3380 cum
1162 3316 1290 3380 Xerxes
1324 3335 1364 3380 ex

135 3423 281 3490 Graecia
304 3441 456 3489 reversus
480 3441 551 3488 cum
569 3423 667 3489 choro
685 3421 811 3488 cladem
836 3422 929 3488 illam
953 3422 1119 3505 ingentem
1136 3422 1363 3488 communicat.

136 3531 227 3615 Quae
266 3548 338 3595 cum
377 3528 425 3595 ita
462 3529 545 3613 sint,
586 3531 705 3596 Persas
746 3529 894 3596 fabulam
935 3529 1002 3611 legi
1046 3529 1097 3594 illi
1130 3529 1365 3595 Aristotelicac

136 3637 313 3705 convenire
344 3637 504 3704 si'minus
528 3657 569 3702 ex
592 3637 703 3705 verbis
727 3638 825 3720 ipsis,
858 3642 1004 3702 attamen
1035 3655 1076 3702 ex
1100 3639 1197 3702 rebus
1220 3637 1365 3718 peractis

137 3745 358 3828 colligandum
382 3751 442 3811 est.
766 3817 767 3822 ἵ

226 3853 318 3919 Idem
352 3853 595 3920 demonstratur
629 3853 783 3935 Septem
818 3854 1010 3919 adversus
1043 3852 1196 3917 Thebas
1240 3851 1364 3917 fabula.

136 3961 237 4027 Cuius
275 3960 467 4043 tragoediae
501 3959 633 4026 initium
664 3979 729 4026 non
766 3960 814 4025 ita
843 3959 946 4026 multo
977 3965 1053 4041 post
1080 3959 1186 4024 lucem
1217 3965 1365 4024 exortam

136 4068 321 4149 ponendum
357 4087 428 4134 esse
460 4067 542 4132 mihi
574 4067 714 4133 videtur.
761 4067 915 4132 Eteocles
949 4067 1034 4132 enim
1067 4066 1157 4132 cives
1191 4066 1226 4130 in
1257 4083 1366 4131 arcem

137 4175 347 4258 convocavit,
380 4175 572 4255 quibuscum
603 4193 687 4254 quae
717 4180 811 4240 vates
842 4175 1064 4240 nuntiavisset
1093 4172 1364 4239 communicaret:

138 4282 249 4348 hostes
281 4288 377 4348 nocte
415 4281 588 4349 consilium
623 4282 750 4364 cepisse
782 4282 938 4363 impetum
974 4279 1295 4347 vehementissimum
1331 4279 1366 4343 in

138 4389 230 4455 urbis
254 4395 367 4471 portas
391 4389 537 4456 faciendi
561 4389 604 4474 (v.
623 4388 783 4475 28-2al:

231 4621 250 4682 ¹l
270 4621 311 4676 cf.
332 4623 363 4676 A.
378 4621 488 4688 Koerte,
509 4620 650 4690 mclanges
669 4621 771 4690 Nicole,
792 4621 865 4674 (lanf
884 4622 962 4688 1905,
982 4637 1006 4688 p.
1020 4619 1171 4676 289-300.
1229 4619 1231 4624 ’

1228 4727 1258 4778 l*
