3442 5324
939 383 980 447 74

853 470 1064 482 ——nn—-A

435 595 470 661 Si
495 595 580 662 enim
604 596 748 662 Theseus
771 596 958 678 Capaneum
982 615 1047 664 una
1071 616 1142 662 cum
1167 595 1244 663 aliis
1268 596 1351 664 viris
1374 598 1512 665 mortuis
1535 599 1566 663 in

346 704 487 768 cinerem
511 704 657 769 comburi
680 702 846 785 iussisset,
876 703 949 769 fieri
979 722 1043 770 non
1072 704 1236 786 potuisset
1263 710 1301 770 ut
1324 703 1460 770 Euadne
1488 725 1567 771 uxor
1696 715 1697 756 i

346 809 415 875 eins
432 809 610 890 quaerendi
634 829 734 876 causa
758 811 821 876 hnc
844 810 951 892 ipsum
974 811 1163 893 perveniret
1186 816 1284 891 atquc
1308 829 1418 877 coram
1441 817 1565 894 specta

345 915 472 982 toribus
496 915 635 983 flammis
659 935 694 984 se
718 918 859 983 dederet.

434 1023 526 1091 Neve
556 1024 680 1106 Thoas,
716 1024 837 1106 quippe
870 1026 923 1090 cui
953 1025 1046 1091 brevi
1079 1031 1155 1108 post
1184 1025 1218 1090 in
1246 1043 1367 1092 scaena
1396 1026 1442 1092 sit
1471 1045 1567 1108 agen-
1696 1111 1697 1114 ρ

345 1133 430 1213 dum,
455 1131 490 1196 in
505 1131 633 1214 regiam
648 1136 844 1212 revertatur,
869 1137 1043 1214 postquam
1059 1132 1137 1212 quid
1158 1132 1247 1198 intra
1272 1133 1426 1214 templum
1442 1140 1565 1216 gestum
1696 1135 1697 1228 i

345 1244 432 1304 esset
455 1238 656 1321 cognoverit,
681 1238 733 1304 his
756 1238 950 1322 Iphigeniae
973 1239 1085 1306 verbis
1109 1239 1280 1321 perficitur
1303 1239 1346 1326 (v.
1366 1241 1563 1326 mla-ron
1696 1245 1697 1266 ¹

559 1350 604 1421 σὺ
627 1352 669 1420 δὲ
693 1351 817 1438 μένων
840 1350 962 1421 αὐτοῦ
984 1352 1061 1444 πρὸ
1085 1357 1185 1421 ναῶν
1207 1357 1252 1442 τῇ
1273 1359 1355 1440 θεῷ
1379 1407 1386 1423 .
1413 1408 1419 1422 .
1445 1407 1453 1422 .

557 1458 717 1546 ἅγνισον
739 1465 875 1551 πυρσῷ
897 1459 1109 1551 μέλαθρον.

433 1579 525 1663 Quae
548 1599 620 1645 eum
643 1579 692 1645 ita
713 1578 789 1662 sint,
814 1597 878 1645 non
897 1579 1080 1645 mirandum
1105 1585 1155 1646 est
1177 1579 1327 1645 nuntium
1351 1579 1429 1661 quid
1453 1579 1503 1644 illi
1524 1580 1562 1644 ad

344 1686 424 1752 litus
448 1685 686 1769 spectaverint,
717 1705 782 1752 non
810 1685 844 1751 in
868 1684 994 1768 regiam
1018 1687 1076 1753 sed
1098 1688 1161 1752 huc
1183 1686 1387 1769 renuntiare,
1420 1685 1561 1767 quamvis

343 1793 409 1876 ipsi
437 1795 554 1859 chorus
584 1799 621 1859 ut
648 1795 690 1859 ad
712 1793 839 1876 regiam
867 1812 903 1860 se
933 1795 1085 1859 conferat
1118 1795 1316 1876 persuadere
1344 1799 1478 1860 conetur
1503 1791 1558 1878 (ci.

343 1896 374 1966 ν’.
395 1900 648 1986 1300-1301);

679 2006 713 2074 τί
736 2004 766 2073 δ’
789 2005 868 2095 ἡμῖν
890 2011 955 2073 τῶν
977 2005 1079 2092 ξένων
1103 2008 1255 2096 δρασμοῦ
1277 2006 1380 2091 μένας

559 2111 617 2181 οὐκ
640 2107 670 2182 εἶ
693 2112 899 2203 κρατούντων
922 2111 1007 2204 πρὸς
1029 2112 1138 2192 πύλας
1161 2112 1239 2182 ὅσον
1261 2111 1380 2196 τάχοςς

433 2347 498 2414 Sed
521 2366 561 2414 ne
584 2353 652 2413 tum
676 2347 806 2428 quidem
822 2347 999 2430 Euripides
1020 2367 1172 2414 scaenam
1191 2353 1377 2430 commutat,
1402 2366 1483 2413 cnm
1504 2365 1561 2412 res

345 2455 493 2536 ferunt,
523 2461 564 2520 nt
591 2474 759 2536 persona
787 2475 931 2521 scaena
958 2455 1104 2521 relicta
1136 2454 1309 2521 homines
1337 2454 1468 2536 adeat,
1501 2452 1562 2534 qui

345 2563 423 2628 alio
448 2563 533 2628 loco
558 2562 812 2646 versantur1).

433 2669 472 2735 In
503 2668 733 2735 Heraclidis
764 2669 848 2734 enim
880 2671 998 2736 chorus
1027 2688 1222 2751 praeconem
1251 2668 1432 2753 Eurysthei
1463 2687 1498 2734 se
1526 2667 1566 2734 ad

344 2796 453 2859 regem
478 2777 585 2858 ipsum
609 2782 799 2843 convertere
822 2777 914 2843 iubet
936 2777 988 2843 his
1012 2776 1123 2842 verbis
1147 2776 1393 2862 (v.111-12):

558 2898 675 2967 οὔκουν
697 2899 872 2990 τυράννῳ
896 2902 1014 2990 τῆσδε
1036 2903 1102 2989 γῆς
1125 2897 1332 2990 φράσαντά
1357 2923 1398 2967 σε

557 3012 653 3097 χρῆν
675 3012 798 3075 ταῦτα
821 3011 987 3093 τολμᾶν,·

434 3135 528 3218 Quod
561 3134 734 3202 consilium
769 3135 827 3202 vix
861 3154 980 3217 praeco
1015 3133 1171 3217 pmhavit
1209 3133 1252 3219 (v.
1277 3131 1458 3217 116-17),
1497 3151 1565 3198 cum

344 3242 535 3324 Demophon
560 3242 631 3324 ipse
654 3243 697 3308 ad
720 3242 874 3324 tempium
899 3242 1033 3308 advenit
1057 3240 1100 3326 (v.
1122 3240 1303 3327 118-19):

557 3367 612 3432 καὶ
635 3364 699 3454 μὴν
723 3363 771 3431 ὅδ’
794 3363 894 3442 αὐτὸς
917 3363 1047 3454 ἐ”ρχεται
1072 3361 1219 3453 σπουδὴν
1242 3362 1325 3447 e'ipoov

496 3511 498 3515 ·
556 3470 699 3558 Ἀκάμας
722 3471 750 3538 τ’
773 3470 927 3563 ἀδελφός,
950 3471 1060 3539 τῶνδ’
1084 3470 1245 3560 ἐπήκοοι
1269 3469 1399 3556 λίνων.

434 3601 542 3680 Atque
571 3601 620 3666 ita
648 3601 686 3666 fit
718 3606 755 3666 ut
782 3599 937 3666 hocloco
962 3618 1080 3682 praeco
1105 3618 1178 3665 cum
1200 3617 1279 3681 rege
1302 3597 1336 3664 id
1360 3603 1455 3681 agat,
1485 3596 1563 3678 quod

345 3708 374 3774 si
397 3727 518 3774 scaena
541 3707 661 3778 mutari
685 3708 857 3790 potuisset,
882 3708 916 3772 in
935 3708 1030 3789 regia
1052 3706 1126 3789 ipsa
1149 3706 1370 3790 peragendum
1395 3705 1522 3772 fuisset.

434 3813 533 3880 Cuius
571 3815 620 3880 rei
664 3814 897 3898 gravissimum
936 3815 1118 3895 exemplum
1159 3816 1296 3896 praehet
1341 3811 1564 3896 Iphigenia

346 3921 585 3987 Aulidensis.
634 3922 781 3987 Achilles
805 3922 891 3988 enim
915 3927 1087 4002 postquam
1111 3920 1369 4006 Clytaemestrae
1399 3919 1506 3986 suasit
1533 3923 1565 3984 ut

345 4028 498 4093 maritum
527 4047 547 4093 a
571 4027 708 4096 consilio
741 4029 798 4095 illo
830 4027 1056 4096 crudelissimo
1084 4047 1242 4095 revocare
1270 4031 1458 4110 conaretur,
1488 4027 1565 4092 haec

346 4133 429 4199 dicit
452 4133 630 4222 (v.1016):
1696 4143 1697 4162 ³

561 4237 604 4329 ἢν
627 4238 656 4307 δ’
679 4239 906 4332 ἀντιβαίνῃ,
929 4240 1029 4331 πρὸς
1052 4240 1119 4326 ἐμὲ
1143 4264 1205 4308 σοι
1228 4237 1454 4331 πορευτέον.

435 4366 495 4432 Oui
519 4367 657 4434 consilio
681 4367 711 4433 si
735 4368 795 4435 illa
818 4368 997 4451 paruisset,
1022 4368 1095 4434 fieri
1119 4387 1183 4435 non
1207 4368 1368 4450 potuisset
1391 4366 1470 4449 quin
1493 4364 1564 4431 reii—
1696 4349 1697 4356 '

348 4512 529 4520 ..κ-*-
541 4515 557 4520 ..a

439 4580 662 4650 hffipfflm
