3496 5310
775 421 815 486 31

179 633 325 718 liuguae.
373 653 437 716 qua
468 634 508 700 de
540 651 642 702 causa
673 637 819 704 codicum
850 655 981 702 errores
1013 637 1200 704 crebriores
1231 656 1293 703 non
1323 642 1409 705 sunt.

182 740 295 825 Capyn
318 741 349 823 (I
375 742 451 823 183)
482 740 559 825 Ilpa
583 741 647 828 (LX
670 744 749 826 574)
783 762 895 810 omnes
929 743 1059 810 codices
1090 745 1268 826 praebent,
1302 745 1414 830 Halyn

180 847 247 934 (IX
278 847 357 934 165)
395 848 500 916 tradit
532 849 560 915 P
598 851 808 917 obstantibus
841 851 1006 918 codicibus
1038 853 1071 916 M
1100 852 1193 918 ctR
1228 851 1261 917 in
1294 853 1412 934 quibus

179 956 305 1041 Halym
328 955 489 1023 traditum
513 963 574 1024 est.
625 954 748 1043 Otnpa
772 959 852 1044 (VII
876 960 954 1043 675)
978 958 1117 1043 legimus
1141 959 1175 1024 in
1199 959 1244 1040 R,
1281 957 1413 1044 Otltrpm

179 1064 213 1129 in
238 1063 307 1148 PV,
335 1062 448 1130 Otram
472 1064 505 1131 iu
528 1064 572 1130 M.
620 1067 678 1131 sed
709 1073 744 1132 et
766 1067 880 1150 Halyn
904 1071 938 1131 et
963 1064 1086 1150 Othryn
1109 1066 1178 1132 suis
1205 1066 1286 1133 locis
1310 1068 1413 1134 multo

181 1172 315 1254 aptiora
338 1177 415 1238 sunt
439 1172 481 1238 ad
505 1177 618 1239 cetera
642 1173 774 1239 nomina
790 1175 921 1241 Graeca
944 1193 1039 1255 quarn
1056 1173 1178 1258 Halym
1198 1175 1251 1241 vel
1270 1173 1411 1259 Otnrpm.

181 1277 400 1346 conferantur
431 1279 494 1345 duo
526 1278 576 1345 illi
605 1299 722 1347 versus
752 1281 784 1346 in
817 1281 934 1362 quibus
965 1281 1192 1348 inveniuntur:
1236 1283 1301 1348 VII
1332 1284 1412 1348 675:

182 1383 382 1454 ‘descendant
410 1389 551 1453 centauri
573 1386 730 1453 Homolen
756 1387 936 1472 Otlmynpne
962 1389 1099 1454 nicalem
1127 1389 1298 1472 linquentes
1326 1441 1332 1455 .
1359 1440 1366 1454 .
1393 1387 1413 1454 .’

181 1493 233 1560 IX
257 1494 336 1561 765:
369 1490 469 1562 ‘addit
492 1493 603 1577 Halyn
627 1498 767 1562 camdem
790 1503 817 1562 ct
841 1497 965 1581 cortfica
988 1497 1111 1581 Plepca
1128 1493 1269 1580 parona'.

272 1601 463 1668 Horatius
494 1621 535 1669 ne
566 1601 601 1667 in
624 1603 747 1669 saturis
771 1604 901 1684 quidem
925 1603 1053 1671 veritus
1071 1610 1127 1686 'est
1150 1604 1413 1671 terminationem

181 1710 346 1778 Graecam
391 1711 439 1774 aa
484 1707 658 1791 praeferre
701 1711 845 1778 Latinae
889 1711 921 1776 iu
973 1712 1101 1777 Tanain
1143 1710 1178 1797 (Ι
1214 1715 1242 1780 1.
1268 1713 1337 1798 105)
1378 1721 1414 1780 et
1522 1721 1526 1728 ’

180 1817 325 1901 Eupolr'n
358 1815 412 1902 (II
442 1816 560 1904 3.13).
615 1817 649 1883 in
687 1818 887 1884 carminibus
925 1819 1023 1900 paulo
1062 1819 1194 1901 saepius
1235 1820 1297 1885 hoc
1334 1839 1413 1887 casu

181 1924 312 1991 Graeco
336 1942 415 1990 usus
444 1931 510 1990 est:
542 1924 675 1992 Sibaria
702 1926 720 1991 I
743 1927 773 1992 8.
794 1944 825 2007 a,
861 1927 988 1993 Taaata
1014 1926 1067 1992 ΙΙΙ
1092 1926 1194 2009 10.1,
1227 1927 1273 1993 IV
1300 1927 1351 1994 15.
1368 1946 1413 2011 24,

181 2032 348 2116 Memphin
375 2031 428 2096 ΙΠ
452 2031 571 2114 26.1o,
610 2032 766 2099 Damalin
794 2034 886 2100 136.
905 2051 948 2103 11.
1001 2053 1065 2100 uuo
1096 2034 1167 2100 loco
1202 2035 1413 2102 accusativus

182 2141 239 2222 qni
272 2161 331 2224 -yn
362 2138 485 2206 litteris
517 2139 714 2207 terminatus
748 2147 814 2223 est,
851 2141 884 2207 in
916 2140 1117 2208 carminibus
1145 2143 1302 2208 occurrit:
1338 2143 1415 2228 Ityn

182 2247 231 2314 IV
258 2248 308 2314 12.
329 2264 356 2319 a

271 2354 421 2421 Tibulli
454 2354 580 2438 elegiae
615 2353 736 2422 Osirim
767 2355 801 2439 (Ι
827 2357 927 2442 111)
963 2358 1139 2440 praebent;
1176 2358 1412 2440 Propertius

182 2470 353 2545 utramque
384 2461 648 2529 terminationem
681 2464 843 2530 adhibuit.
897 2463 981 2530 dixit
1011 2464 1095 2530 enim
1127 2467 1260 2532 Anabm
1289 2466 1415 2534 Plasta

186 2571 314 2638 Tanain
339 2569 479 2654 myram
501 2569 657 2653 Daphnin
679 2571 798 2638 Aleria
820 2572 926 2637 Parin
949 2571 1035 2656 Ityn,
1068 2572 1126 2638 sed
1149 2574 1302 2640 Adonem,
1351 2592 1414 2641 uno

183 2679 312 2745 nomine
342 2682 479 2759 excepto
510 2673 669 2744 ‘Anubin’
701 2679 815 2745 iisdem
853 2697 932 2745 usus
968 2685 1020 2746 est
1053 2680 1171 2762 quibus
1199 2680 1412 2766 Vergilius.

183 2786 348 2853 Ovidius
372 2803 458 2852 nova
481 2785 613 2851 nomina
636 2786 769 2853 induxit
791 2804 868 2854 suos
892 2787 926 2852 in
950 2787 1065 2854 libros:
1100 2788 1284 2872 Charybdin
1305 2789 1413 2855 Baria

183 2893 269 2960 Acin
300 2892 438 2960 Procrin
465 2893 566 2959 Attia
599 2892 715 2960 Olmn'n
744 2894 872 2961 Abarin
904 2895 1043 2961 Baetem
1070 2894 1231 2980 Prytanin
1265 2893 1415 2962 Chromin

181 3001 264 3068 Em
282 3000 413 3067 Themin
428 3000 502 3064 Irn'n
517 3001 659 3086 Sybarin
675 3003 778 3068 Parin
793 3002 891 3086 Iplmn
909 3003 1026 3087 Thelyn
1040 3003 1169 3088 Erinyn
1186 3001 1308 3088 Othryn
1330 3004 1413 3088 Ityn.

275 3110 306 3176 ὃ.
339 3109 503 3192 Quantum
528 3115 694 3192 poterant,
719 3118 839 3192 poetae
856 3111 1030 3193 cavebant,
1055 3130 1096 3176 ne
1112 3110 1249 3177 nominis
1266 3111 1415 3177 feminini

184 3217 319 3298 generis
349 3218 403 3284 cui
436 3219 566 3287 Graeca
597 3217 789 3284 terminatio
820 3243 873 3284 -ω
905 3223 971 3302 est,
1004 3218 1197 3285 accusativo
1228 3225 1413 3286 uterentur.

184 3331 355 3406 exceptum
380 3333 433 3392 est
451 3325 612 3412 Geryonis
635 3343 761 3406 nornen,
787 3327 872 3407 quod
897 3326 931 3392 in
948 3327 1097 3394 omnibus
1113 3327 1243 3394 casibus
1259 3327 1415 3395 Latinam

185 3432 439 3500 declinationem
464 3433 599 3500 tertiam
624 3433 716 3516 sequi
739 3433 887 3516 potuisse
910 3434 1121 3502 manifestum
1147 3441 1207 3500 est.
1245 3435 1416 3518 quinque

184 3539 267 3606 locis
284 3539 533 3625 Vergiliauis
556 3547 591 3606 et
607 3541 816 3609 Ovidianis
841 3561 859 3607 e
882 3547 935 3608 tot
957 3543 1090 3609 milibus
1109 3561 1261 3610 versuum
1278 3561 1415 3610 accusa·

184 3648 274 3716 avus
305 3648 419 3716 talium
451 3649 615 3715 nominum
648 3648 816 3715 invenitur
840 3649 967 3716 Graeco
992 3669 1082 3717 more
1104 3649 1216 3717 linitus
1241 3673 1276 3716 -o
1299 3651 1414 3734 vocali,

184 3755 219 3821 in
243 3755 390 3823 Aeneide
408 3755 497 3824 Dido
522 3756 583 3842 (IV
599 3757 678 3842 383)
701 3758 819 3824 Allecto
843 3755 1028 3845 (1111324),
1054 3759 1087 3824 in
1111 3759 1415 3840 metamorphoseon

182 3863 267 3929 libro
291 3863 308 3929 I
338 3863 377 3930 Io
401 3863 490 3950 (583.
509 3865 583 3930 628.
602 3863 690 3950 629).
739 3864 813 3930 11111
839 3865 919 3932 locis
943 3865 1111 3949 Vergilius
1135 3884 1196 3947 pro
1222 3867 1414 3933 accusativo

184 3970 324 4036 nominis
347 3971 441 4038 Dato
467 3971 533 4038 alia
560 3971 692 4038 nomina
722 3972 845 4054 posuit,
879 3977 916 4039 ut
940 3973 957 4038 I
981 3974 1047 4039 614
1070 3970 1241 4059 ‘rapinam’‚
1277 3975 1415 4042 111465

183 4074 371 4162 ‘sarmlem’.
411 4079 440 4145 si
464 4079 592 4147 codices
616 4085 708 4146 recte
732 4080 880 4164 tradunt,
906 4081 1044 4148 Ovidius
1067 4082 1100 4148 in
1125 4081 1250 4148 heroid.
1267 4082 1334 4149 VII
1352 4083 1416 4148 133

184 4185 411 4252 accusativum
443 4185 554 4255 Didon
585 4187 684 4268 secia
718 4187 864 4255 fortasse
897 4189 974 4270 quia
1007 4209 1122 4256 nomen
1157 4190 1318 4257 Graecum
1351 4209 1414 4258 non

183 4311 257 4360 esse
280 4293 383 4376 novit,
409 4293 496 4361 banc
520 4294 550 4360 ei
575 4294 842 4363 terminationem
867 4296 946 4362 dare
971 4315 1069 4363 ausus
1093 4301 1154 4364 est.

273 4402 306 4467 6.
338 4401 533 4468 Accedimus
558 4403 601 4468 ad
625 4401 773 4469 ultimam
798 4403 1064 4472 terminationem
1089 4403 1272 4472 accusativi
1296 4426 1348 4487 -α,
1374 4405 1415 4471 de

184 4527 250 4590 qua
273 4507 366 4576 infra
389 4527 431 4577 ex
451 4509 555 4576 nobili
571 4510 731 4577 Varronis
748 4511 936 4578 testimonio
953 4512 1141 4578 accuratius
1158 4511 1236 4578 mihi
1253 4512 1414 4595 agendum

184 4618 259 4686 erit.
293 4616 512 4684 usitatissima
535 4627 611 4684 erat
634 4619 722 4700 apud
738 4625 864 4703 poetas,
889 4626 927 4685 ut
942 4619 1134 4701 saepissime
1152 4619 1247 4686 nobis
1264 4625 1416 4686 occurrat
