3462 5312
727 421 802 517 ‚¹35
847 512 873 517 ,

159 640 327 699 remanent
358 638 447 698 statu
478 641 511 698 et
539 633 699 698 Graecam
730 632 983 698 declinationem
1015 637 1183 711 secuntur,
1214 631 1306 698 velut
1332 631 1383 698 bic

158 741 314 806 Eumenes
337 741 432 806 buius
448 742 622 820 Eumenes,
647 741 812 822 Enprepes
828 740 1014 822 Euprepua:
1038 758 1232 819 quamquam
1250 739 1382 819 quidam

157 848 319 931 Eeeprepes
342 847 531 930 Euprepetls
559 848 713 914 Eumenis
736 847 919 914 Eummetis
947 845 1107 912 declinari
1131 846 1336 911 voluerunt“.

733 1045 805 1128 §a

156 1171 210 1236 De
250 1171 416 1238 Graecis
464 1170 617 1252 formis,
669 1189 828 1250 quarum
875 1168 1068 1252 originem
1116 1174 1255 1250 poetae
1302 1167 1383 1250 ipsi

157 1284 474 1358 ostentaveruut‚
509 1277 638 1358 iisque
671 1296 769 1357 quae
801 1277 988 1344 maiorum
1024 1275 1201 1357 exempla
1234 1275 1383 1340 imitati

628 1383 910 1469 receperunt1).

249 1513 275 1575 1.
301 1509 458 1577 Nonnulli
482 1516 559 1575 sunt
581 1509 661 1592 loci,
694 1510 812 1590 quibus
837 1515 953 1591 poetae
982 1508 1049 1590 ipsi
1077 1507 1218 1574 alicuius
1242 1507 1384 1574 nominis

157 1617 318 1683 Graecam
354 1617 515 1701 originem
551 1623 810 1684 ostentaverant.
866 1618 974 1697 Atque
1008 1616 1141 1682 minime
1180 1616 1298 1681 mirum
1334 1624 1384 1682 est

156 1724 277 1790 ibidem
308 1731 423 1807 poetas
455 1725 617 1791 Graecam
648 1724 748 1790 etiam
781 1724 920 1790 formam
951 1723 1147 1790 servavisse.
1200 1723 1383 1805 Praecipue

156 1831 190 1896 id
222 1831 386 1913 fecerunt,
416 1831 445 1898 si
477 1831 569 1897 cuius
600 1851 760 1913 personae
789 1831 841 1898 vel
870 1831 920 1896 rei
945 1830 1107 1898 Graecum
1137 1849 1253 1896 nomen
1284 1850 1384 1913 oppo-

157 1944 293 2004 suerunt
315 1938 446 2005 Latino.

246 2045 353 2112 Huius
376 2045 426 2110 rei
449 2049 628 2127 perbonum
653 2045 835 2128 exemplum
859 2049 996 2128 praebet
1019 2045 1121 2112 Silius
1146 2045 1298 2127 Italicus,
1328 2045 1385 2127 qui

157 2153 190 2218 in
213 2153 411 2218 Punicorum
442 2153 522 2219 libri
546 2154 596 2218 IX
621 2154 771 2220 versibus
796 2155 838 2220 70
870 2160 902 2218 et
930 2155 985 2234 qui
1017 2159 1197 2234 sequuntur
1220 2153 1384 2219 Sulmonis

157 2261 277 2326 Italiae
302 2260 415 2342 oppidi
440 2261 602 2328 Graecam
626 2261 787 2344 originem
812 2267 928 2327 narrat
950 2261 1002 2326 his
1026 2261 1153 2327 verbis:

641 2422 647 2434 .
675 2421 681 2433 .
708 2421 714 2433 .
738 2369 877 2452 fererant
900 2369 1048 2435 Sulmone
1069 2369 1171 2434 relicti

907 2528 913 2540 .
941 2529 946 2540 .
974 2528 980 2540 .
1009 2483 1125 2542 aetna

372 2583 507 2649 Nomine
529 2583 662 2650 Rhoeteo
686 2583 869 2664 Sotionem
897 2605 973 2650 oum
996 2582 1157 2650 Durdnau
1181 2584 1267 2666 oripo

371 2690 415 2756 Et
438 2691 577 2775 Phrygio
598 2712 696 2776 penus
720 2713 741 2757 o
760 2713 889 2774 proauo,
915 2693 978 2774 pul,
1003 2698 1125 2774 sceptra
1147 2698 1270 2756 secatus

372 2797 505 2877 Actaeae,
531 2799 652 2864 clarum
675 2800 777 2864 muns
795 2799 996 2882 fundauerat
1019 2799 1127 2864 orbem

372 2905 427 2971 En
450 2927 515 2972 sese
537 2907 653 2973 dimum
681 2904 848 2972 Solimon
855 2930 866 2986 ,·
897 2906 1050 2973 celebrata
1073 2907 1191 2972 colueris

372 3013 452 3079 Moe
474 3012 579 3092 Italis,
601 3013 761 3096 paulatim
784 3015 890 3080 attrito
912 3015 1046 3094 nomiae,
1074 3012 1212 3078 Srrlmo.

247 3118 350 3184 Poeta
382 3120 499 3201 igitur,
533 3139 728 3200 quamquam
762 3120 942 3187 conditoris
972 3138 1089 3186 nomeu
1121 3120 1242 3185 Latine
1273 3119 1384 3184 termi-

157 3225 260 3309 navit,
286 3226 399 3308 oppidi
425 3227 586 3294 Graecam
612 3227 751 3293 formam
774 3227 943 3309 praetulit.

248 3334 360 3414 Neque
396 3333 463 3400 alio
498 3336 593 3402 modo
627 3335 751 3402 Seneca
784 3335 938 3402 Corsicae
973 3334 1103 3400 insulae
1139 3341 1233 3402 vetus
1268 3353 1385 3400 nomen

158 3441 321 3508 Graecum
345 3442 528 3524 composuit
551 3462 622 3508 cum
646 3443 768 3509 Latino
792 3442 828 3509 in
852 3442 1101 3525 epigrammatis
1125 3440 1264 3508 alterius
1288 3460 1384 3508 versu

158 3550 316 3614 secundo.
374 3603 545 3682 corsica,
571 3625 651 3686 ΨΜ
670 3606 762 3687 pavo
785 3605 910 3670 contine
934 3604 1080 3687 Cyrnos
1103 3625 1185 3670 aas.

250 3728 396 3792 Eundem
424 3747 518 3794 usum
546 3734 676 3795 secutus
706 3737 757 3795 est
780 3729 997 3796 Germanicus
1026 3729 1060 3794 in
1083 3729 1384 3794 Phaenomenorum

158 3853 257 3900 Versu
281 3835 340 3899 25³
374 3889 476 3955 Aaou
502 3889 647 3957 &aneae
670 3891 783 3958 deutra
806 3891 954 3974 leaeque
978 3897 1105 3956 taceatur

373 3999 437 4062 aloe
460 4005 587 4064 arctoe
610 4019 663 4064 seu
688 3997 828 4065 Rontooe'
851 4000 1040 4082 cognominis
1063 4018 1191 4076 orsae,

160 4139 223 4200 quo
248 4119 319 4186 loco
345 4120 507 4188 Graecum
531 4141 648 4188 nomen
671 4123 911 4205 appellativum
934 4123 1055 4188 Latino
1079 4121 1190 4188 vertit.

248 4229 312 4295 Sed
340 4249 404 4295 nou
435 4230 540 4297 solum
571 4231 605 4296 in
633 4231 842 4296 contentione
872 4231 1038 4297 nominum
1069 4238 1102 4294 et
1130 4227 1384 4310 comparatione,

160 4336 217 4400 sed
241 4335 339 4401 etiam
357 4337 476 4403 ceteris
500 4337 582 4403 locis
600 4337 762 4404 Graecam
784 4338 923 4404 somnam
948 4343 1115 4404 servatam
1133 4337 1289 4416 videmus
1314 4335 1386 4415 qui-

159 4444 220 4508 bus
244 4462 315 4508 eam
340 4463 360 4509 a
384 4444 523 4510 Graecis
548 4445 730 4511 adhibitam
755 4464 826 4510 esse
851 4452 966 4527 poetae
991 4444 1057 4526 ipsi
1082 4445 1245 4511 dixerunt.

250 4620 269 4686 ¹)
289 4620 470 4675 Suielrotte
493 4621 509 4676 l.
525 4637 546 4677 o.
566 4637 590 4690 p.
605 4623 689 4690 tero.
