3496 5310
324 629 427 695 Matri
455 628 657 696 necessitate
688 629 813 697 lactum
847 651 935 713 esse,
969 638 1007 699 ut
1038 631 1180 715 plurima
1211 631 1340 700 Graeca
1372 651 1556 700 sermonem

325 742 496 818 poetarum
530 736 729 820 invaserint,
763 757 829 805 non
862 758 961 822 uego;
999 739 1108 805 omnia
1141 743 1253 806 autem
1285 741 1347 806 bec
1380 740 1421 806 de
1453 757 1557 806 causa

305 844 432 926 poetis
456 845 646 927 recipienda
671 845 776 912 fnisse
800 846 868 913 noli
894 847 1037 915 credere.
1086 848 1146 914 sed
1174 848 1216 914 de
1238 847 1358 914 Koeuii
1387 847 1557 914 sententia

326 989 368 999 -
408 951 464 1018 ille
503 951 587 1018 euim
627 971 737 1018 omues
776 953 900 1020 formas
936 954 1085 1021 Graecas
1124 955 1211 1036 apud
1249 960 1366 1037 poetas
1405 975 1424 1021 e
1458 955 1555 1020 metri

326 1058 526 1125 necessitate
560 1059 695 1126 fluxisse
730 1061 901 1128 contendit
935 1098 978 1109 —
1013 1061 1103 1128 iufra
1138 1062 1234 1144 plura
1269 1061 1410 1128 dicenda
1447 1068 1556 1128 eruut.

326 1184 432 1246 neque
473 1166 558 1232 enim
599 1168 706 1234 adhuc
741 1187 851 1235 omnes
886 1187 1004 1236 causas
1039 1167 1157 1252 quibus
1193 1174 1312 1252 poetae
1352 1174 1389 1234 ut
1424 1170 1557 1235 nomina

327 1271 457 1339 Graeca
482 1273 611 1341 minime
635 1281 813 1358 mutarent,
839 1283 1130 1360 commoverentur,
1156 1276 1379 1360 cognovimus,

906 1471 979 1556 sa.

420 1596 447 1659 1.
480 1594 519 1660 In
540 1593 683 1661 Horati
707 1595 859 1677 operibus
884 1596 1017 1664 diversa
1041 1596 1126 1663 ratio
1151 1595 1245 1664 uobis
1269 1597 1424 1680 occurrit,
1449 1598 1559 1664 altera

327 1701 364 1767 iu
396 1701 616 1787 sermonibus,
650 1702 760 1769 altera
791 1703 825 1769 in
859 1705 1067 1771 carminibus.
1124 1704 1158 1769 iu
1191 1705 1437 1772 sermonibus
1469 1704 1558 1772 enim

232 1881 235 1886 ,
328 1807 459 1874 videtur
486 1809 581 1892 qnasi
611 1809 822 1878 abhorruisse
853 1807 1013 1877 aformis
1038 1811 1176 1878 Graecis
1199 1830 1305 1896 neque
1328 1812 1370 1879 iis
1395 1831 1473 1879 usus
1497 1819 1558 1896 est,

328 1915 392 1981 nisi
429 1915 484 1982 ubi
522 1916 633 1984 aliter·
657 1924 761 1984 metro
798 1918 996 1985 satisfacere
1033 1937 1098 1984 uon
1129 1919 1246 2002 potuit.
1301 1920 1416 2002 itaque
1448 1918 1560 1988 Circae

329 2022 414 2089 dixit
437 2023 471 2089 in
495 2026 649 2106 genetivo
674 2031 708 2090 et
731 2025 902 2109 Penelopae
925 2023 989 2111 (ep.
1014 2027 1032 2091 Ι
1056 2026 1086 2092 2.
1103 2027 1215 2113 aena),
1245 2027 1433 2112 Penelopam
1457 2027 1498 2112 (a.
1524 2027 1559 2093 ΙΙ

330 2129 361 2196 5.
380 2133 427 2208 ve)
459 2135 492 2196 et
519 2131 674 2198 Helenam
699 2131 737 2216 (a.
763 2132 781 2197 Ι
804 2132 918 2220 3.1ov)
948 2135 982 2198 in
1014 2133 1215 2203 accusativo.
1263 2134 1423 2202 rationem
1455 2135 1559 2202 multo

330 2236 434 2320 magis
465 2238 628 2304 Graecam
662 2239 738 2305 iniit
767 2240 801 2305 iu
834 2239 1091 2325 carminibus,
1125 2241 1157 2306 iu
1189 2241 1307 2324 quibus
1337 2263 1407 2309 -eas
1437 2242 1559 2325 ubique

329 2342 583 2428 μοιοσυλλὰβως
621 2365 691 2414 euru
732 2346 965 2429 pronuntiasse
1004 2347 1068 2415 iam
1107 2333 1210 2430 supra
1250 2349 1558 2433 demonstravimus,

330 2469 523 2533 quamquam
548 2452 671 2534 optime
695 2454 821 2519 duabus
846 2453 984 2536 syllabis
1012 2454 1061 2520 uti
1092 2454 1208 2536 potuit.
1256 2453 1383 2523 formae
1407 2456 1560 2523 Graecae

329 2558 467 2625 Helenen
491 2559 522 2644 (I
547 2561 598 2626 15.
619 2562 650 2644 a)
674 2568 709 2626 et
732 2561 905 2644 Penelopae
929 2561 959 2645 (1
984 2563 1035 2628 17.
1053 2565 1100 2646 ao)
1126 2567 1232 2628 metro
1257 2562 1387 2629 minime
1410 2564 1559 2645 postula·

330 2668 454 2733 bantur
486 2687 592 2750 neque
624 2667 730 2752 magis
764 2669 939 2752 genetivus
972 2669 1106 2737 Semeles
1138 2669 1173 2753 (Ι
1199 2673 1249 2737 19.
1269 2669 1313 2758 a).
1365 2689 1425 2738 cur
1456 2672 1561 2756 igitur

330 2774 490 2841 Horatius
525 2775 585 2842 has
621 2776 771 2842 diversas
806 2775 883 2842 iniit
917 2777 1013 2843 vias?
1067 2775 1214 2844 carmina
1249 2777 1377 2862 pepigit
1411 2779 1560 2846 Graecos

331 2882 480 2948 imitatos
503 2883 563 2966 ita,
588 2889 625 2949 ut
641 2883 844 2950 Graecorum
860 2883 1038 2966 lyricorum
1054 2903 1169 2952 versus
1194 2886 1236 2952 ad
1252 2885 1357 2952 Italos
1380 2886 1561 2953 deduceret

332 2991 454 3075 modos,
479 3009 646 3058 sermones
670 2990 740 3073 ipse
759 2997 797 3057 ut
812 2991 906 3058 lromo
923 2991 1089 3060 Romanus
1104 2992 1189 3059 lecit
1205 3011 1310 3075 neque
1334 3012 1444 3060 eorum
1467 2991 1560 3078 origo

332 3098 419 3179 apud
443 3097 590 3164 Graecos
614 3099 803 3181 quaerenda
826 3104 886 3165 est.

423 3203 514 3288 Quae
530 3223 601 3271 cum
618 3206 668 3271 ita
684 3204 761 3289 sint,
786 3204 843 3272 vix
862 3205 1090 3273 aberrabimus
1115 3225 1135 3272 a
1158 3225 1247 3290 vero,
1272 3206 1301 3273 si
1325 3206 1409 3273 elios
1432 3225 1562 3290 quoque

333 3320 449 3395 poetae
480 3312 551 3378 eius
581 3312 740 3395 temporis
770 3319 941 3395 poetarum
971 3312 1171 3380 Graecorum
1207 3332 1288 3397 quos
1318 3314 1440 3380 imitati
1471 3320 1561 3397 sunt,

330 3419 446 3487 verbis
476 3420 636 3487 adductos
667 3438 741 3487 esse
771 3420 989 3504 suspicamur,
1021 3428 1059 3488 ut
1086 3421 1234 3489 Graecas
1266 3419 1389 3488 formas
1419 3440 1497 3488 suos
1526 3421 1563 3488 iu

333 3546 451 3597 versus
485 3528 685 3610 reciperent.
740 3527 855 3610 itaque
889 3527 1135 3594 Lucilianum
1170 3528 1253 3596 illud
1288 3527 1372 3615 (fug.
1396 3529 1472 3616 25)Ι
1496 3527 1563 3596 nisi

334 3635 450 3702 melius
482 3636 621 3703 Graecis
653 3636 778 3703 litteris
810 3635 969 3703 scribitur
1001 3632 1147 3724 Ἰξιονίης
1176 3633 1325 3721 ἀλόχοιο,
1359 3641 1452 3703 certe
1484 3637 1562 3703 illas

334 3743 422 3808 inter
445 3743 689 3811 enuntiationes
712 3745 947 3810 numerandum
971 3750 1032 3829 est,
1058 3761 1142 3826 quae
1164 3745 1207 3810 ad
1231 3745 1366 3811 verbnm
1381 3763 1403 3810 a
1418 3743 1561 3812 Graecis

335 3856 493 3933 acceptae
517 3850 639 3917 idcirco
663 3851 913 3918 terminationes
937 3852 1084 3918 Graecas
1110 3857 1298 3920 servarunt.
1345 3869 1422 3918 nam
1444 3870 1563 3919 vorsus

335 3959 473 4026 Homeri
507 3959 558 4026 his
593 3959 705 4027 verbis
739 3955 884 4047 Ἰξιονίης
913 3955 1048 4040 ἀλόχοιο
1083 3959 1248 4026 clauditur
1283 3959 1340 4046 (Il.
1362 3959 1444 4026 XIV
1465 3958 1561 4046 317).

334 4066 500 4133 Ennium
531 4068 616 4134 tales
648 4068 812 4134 clausulas
835 4067 1028 4134 Homericae
1059 4066 1143 4134 satis
1169 4067 1291 4134 multas
1316 4067 1386 4134 suis
1409 4067 1562 4136 versibus

335 4173 529 4257 inseruisse,
565 4175 622 4241 sed
654 4180 692 4240 ιιι
725 4174 880 4240 Latinum
914 4174 962 4240 cis
995 4173 1142 4240 habitum
1179 4175 1291 4256 daret,
1326 4173 1415 4240 iuter
1449 4192 1562 4241 omues

336 4289 478 4350 constat.
532 4284 590 4349 sed
619 4289 737 4364 poetae
765 4283 820 4364 qui
850 4287 925 4364 post
955 4280 1098 4348 Ennium
1133 4281 1283 4365 fuerant,
1321 4299 1392 4348 cum
1428 4288 1562 4348 seuten-

336 4391 394 4458 tiis
433 4392 536 4458 verba
577 4409 702 4474 quoque
738 4389 770 4456 in
805 4408 921 4457 versus
956 4390 1095 4456 Latinos
1137 4390 1313 4456 traducere
1355 4406 1420 4455 nou
1462 4389 1562 4458 veriti

336 4505 423 4566 suut.
494 4499 633 4565 omnium
680 4497 881 4564 Graecarum
932 4497 1104 4564 rarissima
1150 4502 1202 4564 est
1252 4495 1398 4582 genetivi
1449 4497 1562 4564 termi-

337 4606 428 4672 natio
464 4631 544 4671 -ων,
603 4607 675 4670 iure
710 4605 813 4688 igitur
848 4603 953 4686 primo
988 4605 1116 4686 quidem
1152 4608 1290 4686 aspectu
1323 4603 1495 4686 miramur,
1534 4603 1563 4671 si
