3522 5310
678 339 889 438 mu.-

287 533 462 620 Diogene
497 535 653 599 Laertio
687 535 704 599 I
739 534 781 600 28
816 544 899 600 teste
933 535 1116 601 Leandrius
1159 536 1201 602 de
1241 547 1367 624 septem

200 640 402 726 sapientibus
427 642 493 726 egit
516 654 549 705 et
572 663 670 729 quem
694 643 778 706 inter
801 642 861 707 hos
886 642 1055 724 rettulerit,
1084 642 1172 708 idem
1203 643 1221 708 Ι
1244 646 1285 709 41
1312 668 1372 710 nos

201 745 310 811 docet:
335 754 502 842 Λεάνδριος
526 756 661 842 μὲνγὰρ
686 754 752 819 ἀντὶ
775 755 977 844 Κλεοβούλου
1001 759 1052 819 καὶ
1067 756 1213 832 Μύσωνος
1228 757 1372 846 Λεώφαν-

198 885 250 926 τον
287 863 445 950 Γοργιάδα
454 855 478 940 ¹)
518 861 668 950 Λεβέδιον
702 863 721 942 ἢ
746 862 889 952 Ἐφέσιον
928 863 1057 951 ἐγκρίνει
1091 865 1143 928 καὶ
1172 863 1372 951 Ἐπιμενίδην.

200 965 309 1053 Atque
344 965 386 1030 ad
419 964 502 1030 haec
538 967 657 1051 optime
696 965 835 1049 quadrat
870 965 958 1052 quod
994 965 1174 1031 Clemens
1206 966 1373 1033 Alexan·

201 1051 336 1137 dr'inus
360 1073 476 1140 Strom.
503 1072 518 1136 Ι
542 1095 572 1158 p.
601 1072 719 1155 129,44
744 1071 833 1158 Sylb.
858 1072 899 1137 de
922 1073 1074 1138 Leandro
1098 1073 1214 1138 refert:
1254 1077 1373 1160 Θαλῆς,

201 1190 240 1263 ὡς
263 1184 451 1272 Λέανδροςῖ)
474 1187 526 1250 καὶ
548 1177 719 1272 Ἡρόδοτος
742 1177 772 1268 [Ι
794 1178 868 1266 170]
893 1185 1056 1273 ἱστοροῦσι,
1082 1186 1186 1264 Φοῖνιξ
1208 1185 1253 1268 ἦν,
1278 1192 1318 1264 ὡς
1339 1189 1376 1252 δέ

199 1317 277 1369 τινες
299 1295 487 1382 ὑπειλήφασι,
512 1293 662 1374 Μιλήσιος
685 1297 716 1352 et
740 1289 796 1373 qui
821 1309 839 1352 e
863 1286 1033 1354 Clemente
1057 1289 1176 1372 hausit,
1200 1288 1374 1354 Theodo-

200 1406 307 1460 retus
340 1395 459 1462 Graec.
493 1396 599 1460 effect.
631 1417 698 1460 cur.
731 1395 746 1460 l
776 1396 819 1460 44
851 1418 881 1481 p.
909 1397 950 1460 19
976 1395 1080 1462 Gaisf.
1115 1403 1170 1466 τὸν
1204 1403 1241 1466 δὲ
1267 1399 1376 1482 Θαλῆν

200 1509 227 1574 οἱ
259 1509 312 1595 μὲν
341 1508 484 1589 Μιλήσιοι
517 1510 669 1594 λέγουσιν,
706 1507 861 1594 Λέανδρος
894 1508 930 1570 δὲ
965 1510 1017 1573 καὶ
1043 1499 1214 1594 Ἡρόδοτος
1248 1509 1377 1574 Φοίνικα

198 1617 456 1704 προσηγόρευσαν.

290 1735 328 1799 In
353 1733 477 1800 scholio
502 1733 544 1799 ad
567 1733 776 1820 Apollonium
810 1733 974 1800 Rhodium
998 1734 1032 1799 II
1061 1735 1127 1800 706
1161 1739 1318 1829 Λέανδρος
1346 1747 1379 1802 et

200 1841 424 1909 Callimachus
462 1844 660 1908 coniunctim
688 1841 863 1907 laudantur
898 1851 930 1907 et
965 1843 1115 1928 Diogene
1139 1843 1270 1908 Laertio
1295 1843 1310 1907 Ι
1335 1844 1378 1909 28

200 1959 336 2014 auctore
361 1948 584 2015 Callimachus
601 1950 642 2014 de
659 1959 784 2036 septem
802 1949 1005 2036 sapientibus
1023 1948 1176 2015 fabellam
1194 1949 1377 2016 seeundum

200 2056 402 2122 Leandrium
425 2059 578 2122 narravit.
625 2058 812 2122 Possuntne
837 2057 870 2120 hi
895 2079 969 2122 esse
994 2056 1142 2122 diversi?

292 2183 330 2247 In
355 2182 479 2248 scholio
507 2183 748 2270 Aristophaneo
778 2182 820 2247 ad
852 2183 967 2248 Pacem
1003 2183 1068 2248 363
1101 2189 1259 2276 Λέανδρος
1287 2183 1377 2249 illam

202 2291 242 2354 de
281 2289 453 2355 Cilliccnte
490 2289 643 2356 fabellam
684 2313 838 2356 narrasse
872 2288 975 2355 fertur
1010 2301 1042 2355 et
1077 2291 1224 2356 eiusdem
1262 2290 1377 2356 scholii

202 2399 389 2463 testimonio
414 2395 635 2463 Callimachus
660 2419 791 2485 quoque
820 2395 1027 2462 Cillicontem
1055 2400 1200 2484 respexit
1232 2407 1380 2491 μέμνηται

201 2511 238 2574 δὲ
261 2509 465 2598 Καλλίμαχος
492 2507 555 2598 “ph
583 2509 665 2596 σύγε,
702 2505 870 2598 Θειόγενες,
902 2511 1001 2598 κόψῃς
1027 2512 1101 2597 χέρα
1129 2507 1378 2586 Κιλλιιιόωντοξ*

203 2641 236 2666 =
261 2611 323 2697 frg.
348 2612 413 2677 247
438 2611 538 2683 Schn.

295 2737 383 2818 Quin
406 2742 563 2830 Λέανδρος
587 2747 620 2802 et
641 2741 810 2830 Λεάνδριος
843 2737 930 2802 idem
954 2739 1028 2816 sint,
1065 2736 1214 2802 dubitare
1246 2746 1278 2801 te
1313 2759 1379 2802 non

203 2865 305 2930 posse
330 2853 418 2930 puto.
466 2845 583 2910 Utrum
608 2867 686 2909 vero
716 2847 868 2932 scriptori
895 2867 1015 2908 nomen
1043 2842 1118 2925 fuit,
1158 2849 1316 2937 Λέανδρος
1338 2866 1380 2907 an

202 2950 396 3043 Λέανδριοςῗ
431 2951 599 3034 Neutrum,
624 2953 694 3026 sed,
720 2962 755 3016 ut
778 2974 865 3018 nuno
890 2949 1133 3034 demonstrabo,
1158 2949 1220 3016 bae
1240 2953 1380 3016 nominis

203 3059 330 3124 formae
365 3081 475 3124 errore
499 3082 518 3124 e
542 3058 732 3126 Maeandrio
763 3068 851 3124 ortae
887 3069 972 3124 sunt.
1020 3059 1062 3124 Et
1085 3079 1284 3145 quamquam
1319 3057 1381 3122 sub

204 3166 389 3231 Maeandrii
410 3168 541 3232 nomine
576 3189 640 3231 non
664 3189 800 3253 prorsus
837 3167 925 3231 idem
960 3175 1186 3251 argumentum
1221 3164 1381 3246 laudatur,

205 3273 296 3361 quod
320 3272 402 3338 alias
427 3273 488 3338 sub
513 3273 656 3338 Leandri
678 3285 735 3338 aut
757 3273 913 3341 Leandrii
935 3275 1067 3338 nomine
1096 3273 1238 3354 affertur,
1272 3281 1384 3336 tamen

205 3403 292 3467 quae
318 3380 478 3446 habemus
501 3379 685 3447 Maeandrii
700 3380 839 3446 frustula
853 3381 1029 3462 sufficiunt,
1055 3391 1091 3444 ut
1106 3379 1165 3444 tibi
1180 3379 1382 3468 persuadeas

205 3488 390 3574 fragmenta
421 3487 483 3553 sub
508 3489 649 3554 Leandri
675 3501 706 3554 et
741 3487 896 3554 Leandrii
927 3497 959 3553 et
981 3487 1164 3552 Maeandrii
1198 3485 1383 3551 nominibus

205 3593 339 3660 laudata
374 3596 485 3660 omnia
523 3596 565 3661 ad
600 3619 700 3662 unum
744 3619 826 3684 opus
868 3594 1051 3660 Maeandrii
1090 3594 1199 3659 redire
1235 3603 1268 3658 et
1302 3592 1385 3657 tituli

204 3703 398 3768 Prienensis
421 3703 585 3768 Historias
618 3704 752 3769 easdem
785 3726 860 3768 esse
884 3713 982 3790 atque
1012 3701 1127 3766 scholii
1152 3700 1384 3787 Aristophanei

204 3815 392 3896 Μιλησιακά.

297 3935 508 4002 Maeandrius
533 3938 573 4002 de
597 3937 698 4002 Asiae
721 3937 831 4018 rebus,
857 3939 1062 4024 potissimum
1079 3945 1198 4010 autern,
1223 3943 1259 3998 ut
1274 3933 1385 3997 Mileto

207 4041 378 4124 oriundus,
403 4043 444 4108 de
468 4033 572 4131 patria
595 4044 704 4110 retulit
728 4058 760 4109 et
783 4043 982 4109 Milesiarum
1008 4065 1116 4108 rerum
1140 4044 1251 4128 gravis
1273 4051 1387 4105 auctor

300 4259 320 4322 ¹)
340 4255 385 4312 Sic
410 4257 525 4322 Reialr03
554 4256 589 4312 of.
619 4258 703 4320 Diels.
732 4257 849 4310 Hermes
877 4255 968 4310 XXIV
996 4255 1089 4324 (1889)
1118 4273 1145 4324 p.
1174 4253 1235 4308 306.
1263 4255 1387 4322 γοροιάδα

208 4346 307 4412 B(nrb.
327 4347 391 4412 253)
420 4347 495 4414 Vtut.
517 4346 596 4414 1302)
625 4347 742 4412 FtBarb.
762 4347 825 4410 251)
854 4345 971 4410 κορσίλλα
994 4342 1198 4412 Ltuur,69,13)
1223 4360 1278 4410 mg.
1307 4343 1337 4394 h¹
1356 4363 1385 4411 γρ

207 4439 373 4506 γοργασιάδα,
393 4441 425 4492 ut
444 4453 553 4490 mecum
571 4437 602 4489 E.
631 4435 744 4490 Martini
768 4435 992 4490 communicavit.
1021 4433 1062 4487 Cf.
1082 4433 1166 4503 Diels,
1186 4432 1262 4485 Poet.
1284 4431 1385 4484 Philon.

210 4524 282 4595 frag.
300 4526 390 4681 llSlill
405 4617 466 4672 cod.
487 4617 578 4686 L(aur.
599 4615 622 4668 V
641 4616 679 4682 3).
700 4618 732 4670 ut
750 4615 818 4669 Otto
837 4614 966 4668 Staehlin
985 4632 1029 4666 me
1050 4613 1153 4667 docuit.

173 4753 179 4766 .
265 4723 433 4780 llkolalonl,
447 4725 482 4770 Da
496 4723 538 4770 vu
552 4735 604 4778 sau.
1190 4701 1207 4753 5
