3522 5310
925 303 969 368 36

841 393 1052 402 η--ι-ι-

360 503 468 588 Atque
494 522 689 587 quamquam
714 500 796 564 haee
821 502 929 586 opinio
954 490 1126 587 profligata
1150 508 1209 582 eat,
1234 505 1353 563 tamen'
1368 500 1438 563 eius
1463 499 1534 564 fun·

360 609 547 674 dementum
571 611 658 673 omni
682 607 802 673 iudicio
827 607 1009 673 Aristarchi
1031 607 1165 692 gravius
1189 615 1321 693 praesto
1345 617 1424 688 erat,
1448 606 1535 671 fama

360 718 549 782 certaminis
587 715 629 780 ab
668 715 814 796 Homero
852 715 1065 801 Hesiodoquc
1097 713 1208 778 habiti.
1251 718 1354 806 Ἀγὼν
1385 719 1534 784 Ἠσιόδου

361 831 413 893 καὶ
436 821 578 918 Ὀμήρρυ
604 844 700 909 quem
718 824 855 887 nuncin
871 821 1022 886 manibus
1040 820 1209 904 habemus,
1227 819 1386 885 Hadriani
1402 820 1533 907 quidem

362 930 493 994 demum
517 938 623 994 aetate
653 932 854 1015 compositus
886 939 945 1010 est,
975 927 1034 993 sed
1064 928 1148 992 hanc
1177 925 1321 992 fabulam
1345 930 1409 992 iam
1433 927 1533 992 multo

360 1047 442 1110 ante¹
458 1037 499 1102 ab
517 1037 673 1102 Isocratis
690 1035 817 1102 aemulo
835 1036 1064 1102 Alcidamante
1078 1033 1242 1101 excultam
1264 1044 1296 1099 et
1310 1033 1388 1100 huic
1405 1057 1534 1122 quoque

359 1147 528 1213 materiam
564 1146 628 1210 iam
658 1144 799 1210 oblatam
829 1166 903 1208 ease
936 1145 1015 1208 satis
1040 1142 1207 1229 constat.¹)
1255 1142 1361 1223 Quam
1391 1142 1533 1207 fabulam

359 1255 455 1318 etiam
481 1254 514 1316 in
538 1273 662 1339 papyro
686 1251 826 1339 quadam
852 1249 977 1316 saeculi
998 1273 1034 1315 a.
1061 1249 1138 1316 Chr.
1163 1273 1193 1315 n.
1218 1253 1306 1314 tertii
1335 1252 1369 1314 in
1392 1251 1535 1336 Aegypti

359 1361 432 1424 vico
472 1362 528 1446 qui
566 1358 739 1446 El-Fajdm
781 1358 900 1423 dicitur
938 1358 1058 1423 effossa
1082 1356 1264 1444 paululum
1305 1366 1534 1422 commutatam

358 1465 537 1552 legimus.²)
583 1465 649 1532 Ubi
680 1475 788 1530 autem
816 1476 913 1550 atquc
942 1464 1072 1552 quando
1099 1463 1183 1529 haec
1210 1461 1322 1529 fabula
1343 1467 1447 1551 primo
1479 1487 1533 1528 ex-

360 1577 502 1658 cogitata
559 1576 609 1656 sit,
664 1574 809 1639 nondum
849 1573 960 1660 liquet.
1020 1572 1173 1638 Crusium
1214 1595 1286 1636 cam
1348 1571 1381 1638 in
1440 1595 1533 1637 suum

360 1703 456 1766 quem
484 1682 563 1746 dicit
580 1681 794 1747 ‘Volkabuch‘
812 1681 960 1766 relegare
970 1681 992 1764 ³)
1018 1703 1084 1746 non
1104 1682 1269 1746 miramur.
1304 1678 1366 1744 Ed.
1379 1678 1494 1766 Meyer
1505 1679 1534 1763 ⁴)

359 1800 452 1860 sexto
489 1788 621 1853 saeculo
657 1811 729 1854 eam
761 1791 980 1874 excogitatam
1021 1809 1094 1852 esse
1129 1797 1252 1870 censet,
1292 1808 1398 1873 aeque
1436 1797 1534 1871 atque

359 1897 400 1962 U.
431 1897 472 1960 de
501 1895 761 1982 Wilamowitz⁵):
801 1896 867 1978 „Er
894 1895 1008 1978 reicht,
1038 1896 1152 1982 inquit,
1188 1897 1221 1959 in
1250 1896 1363 1960 seinen
1396 1893 1533 1958 altesten

358 2003 472 2070 Teilen
497 2002 596 2068 bisin
615 2002 667 2068 die
684 2005 756 2068 Zeit
772 2003 908 2086 auriiek,
932 2027 983 2068 wo
1006 2001 1065 2068 das
1083 2002 1147 2068 alte
1164 2003 1254 2089 Epos
1275 2001 1347 2067 sich
1363 2011 1534 2083 zersetzte,

358 2109 443 2175 wohl
481 2110 541 2175 das
578 2111 609 2177 6.
644 2110 900 2178 Jahrhundert.“
950 2111 1084 2176 Certum
1123 2120 1231 2175 autem
1271 2119 1322 2174 est
1356 2110 1532 2176 Homerum

359 2218 606 2305 Hesiodumque
643 2228 676 2282 et
710 2217 902 2284 Chalcidem
937 2221 969 2283 in
1003 2217 1118 2283 urbem
1147 2217 1329 2282 Euboicam
1358 2227 1391 2280 et
1413 2215 1533 2281 Delum

359 2329 594 2402 convenientes
618 2334 716 2412 atque
741 2349 858 2390 versus
884 2348 962 2391 suos
986 2328 1164 2390 recitantes
1185 2325 1279 2390 fretos
1298 2346 1371 2388 esse
1385 2323 1532 2408 (Hesiod.

358 2431 419 2517 frg.
445 2433 510 2496 244
533 2433 600 2516 Rz,
626 2432 773 2516 Crusius,
798 2432 913 2499 Philol.
930 2433 1005 2499 LIV
1030 2432 1142 2518 (1895)
1167 2457 1198 2520 p.
1221 2433 1312 2518 717),
1336 2454 1444 2518 neque
1468 2455 1533 2496 mc·

359 2538 516 2604 morabile
533 2563 598 2605 non
614 2551 665 2605 est
680 2541 865 2605 Hesiodum
888 2564 930 2604 ex
954 2539 1016 2605 hoe
1041 2543 1218 2606 certamine
1243 2541 1444 2627 superiorem
1469 2539 1534 2604 dis·

359 2650 502 2712 cessisse
527 2650 546 2711 i.
572 2671 600 2713 e.
624 2650 808 2732 gnomicam
834 2650 959 2735 poesin.
1007 2649 1172 2712 Homerus
1193 2647 1234 2712 ab
1252 2649 1300 2712 eis
1318 2650 1373 2733 qui
1398 2646 1534 2711 aderant

359 2765 391 2818 et
409 2754 594 2834 audiebant,
619 2754 770 2820 laudatur
787 2756 929 2843 quidem,
948 2756 1007 2821 sed
1024 2756 1144 2820 iudicio
1161 2757 1250 2840 regis
1267 2755 1401 2819 Panidis
1418 2775 1535 2818 manus

359 2862 421 2927 dat.
468 2862 541 2926 Hoc
565 2865 697 2927 maximi
721 2865 875 2928 momenti
901 2886 975 2928 esse
1000 2863 1041 2927 ad
1059 2862 1338 2947 cognoscendum,
1364 2883 1427 2947 quo
1455 2871 1533 2924 tem-

358 2992 438 3054 pore
454 2969 536 3033 haec
552 2968 664 3034 fabula
680 2981 750 3036 orta
767 2973 816 3048 sit,
843 2981 988 3057 apparet.
1017 2971 1100 3034 Nam
1116 2981 1185 3034 tum
1206 2969 1338 3034 demum
1356 2968 1535 3054 excogitari

358 3077 470 3162 potuit,
495 3098 570 3140 cum
594 3077 731 3142 Hesiodi
750 3080 927 3143 carminum
945 3080 1089 3163 gravitas
1107 3078 1251 3141 Homero
1274 3099 1338 3141 non
1355 3078 1462 3140 minus
1481 3085 1536 3140 aut

357 3184 432 3270 plus
457 3183 565 3248 valuit.
614 3184 656 3248 Et
684 3185 814 3271 quando
838 3187 946 3270 potius
976 3183 1038 3248 hoc
1073 3185 1145 3248 fieri
1174 3193 1302 3270 poterat
1337 3205 1434 3268 quam
1460 3204 1534 3246 cum

359 3292 502 3355 Homero
532 3299 649 3376 poetae
685 3294 740 3376 qui
768 3294 886 3356 unicus
916 3290 1153 3372 celebrabatur,
1179 3290 1260 3355 alter
1289 3288 1377 3354 baud
1401 3291 1535 3354 minoris

359 3399 453 3483 pretii
479 3401 599 3483 opponi
617 3408 753 3483 poterat,
776 3398 808 3463 id
833 3409 884 3464 cst
911 3398 1044 3465 saeculo
1074 3401 1101 3462 si
1130 3421 1194 3462 non
1219 3400 1369 3483 septimo,
1393 3407 1535 3462 attamen

359 3503 475 3570 sexto?
521 3505 635 3591 Neque
659 3505 769 3570 facere
794 3529 930 3593 possum
959 3509 1036 3594 quin
1070 3517 1182 3571 contra
1207 3504 1356 3570 Orusium
1386 3527 1534 3569 moneam

359 3613 466 3698 ipsum
495 3610 634 3677 fabellae
664 3615 785 3678 exitum
816 3614 934 3679 librum
963 3614 1157 3700 popularem
1185 3612 1345 3686 refellere,
1382 3614 1535 3698 quoniam

358 3721 391 3783 in
415 3718 470 3784 tali
495 3722 572 3805 quin
589 3721 752 3785 Homerus
778 3721 917 3807 palmam
942 3720 1066 3786 laturus
1091 3721 1190 3786 fuerit
1212 3743 1277 3785 non
1294 3719 1417 3802 dubito,
1441 3743 1535 3806 prae·

359 3829 470 3891 sertim
511 3849 584 3891 oum
631 3827 841 3893 manifestum
889 3831 939 3911 sit,
988 3839 1190 3916 quantopere
1226 3830 1298 3893 eiua
1346 3847 1463 3893 versus
1503 3829 1533 3892 in

451 4060 469 4124 ¹)
491 4058 596 4120 Itohde,
612 4059 711 4112 Rhein.
732 4060 802 4117 Mus.
822 4058 939 4113 XXXVI
958 4060 1051 4126 (1881)
1070 4079 1096 4129 p.
1112 4059 1165 4112 418
1181 4077 1221 4127 sq.
1235 4081 1268 4106 ε-
1280 4059 1378 4112 Xloine
1393 4057 1534 4112 Schriften

359 4145 372 4200 Ι
391 4167 417 4218 p.
438 4148 480 4204 41.

449 4239 468 4305 ¹²)
487 4237 620 4308 Mnheiiy,
641 4237 683 4292 On
703 4239 751 4292 the
771 4238 898 4293 rlinders
918 4239 1012 4292 Potrie
1030 4241 1136 4308 papyri.
1157 4239 1245 4308 Royal
1266 4237 1338 4290 Irish
1359 4236 1443 4290 Acad.
1464 4235 1536 4289 Gun-

358 4327 492 4396 ninglram
512 4327 644 4382 Memoirs
665 4327 731 4381 1891
753 4327 802 4382 Νο.
823 4330 865 4383 21).

449 4418 469 4482 ²¹)
491 4417 588 4472 Philol.
609 4417 669 4471 LlV
688 4417 782 4485 (1895)
801 4439 828 4488 p.
849 4417 902 4470 710
921 4437 959 4487 sq.

447 4509 468 4574 ⁴)
489 4507 606 4561 Hermes
625 4507 731 4560 XXVII
751 4507 842 4574 11892)
863 4525 888 4576 p.
908 4505 969 4560 377.

449 4597 469 4658 δ1
490 4596 586 4652 Reden
606 4597 664 4650 und
684 4596 838 4664 Vortraege
858 4615 885 4666 p.
905 4595 958 4648 2⁸28
977 4597 1040 4650 adn.
1060 4596 1086 4650 2.
