3462 5312
709 399 772 464 119

125 613 262 680 Homeri
291 617 392 680 verba
423 613 602 696 μίστυλλόν
630 611 658 679 τ’
681 610 747 703 ἄρα
776 605 880 679 τᾶλλα
910 610 952 697 (Α
975 611 1053 696 465)
1085 612 1118 676 in
1154 611 1262 678 animo
1295 612 1353 676 ha-

125 719 238 788 baisse
248 720 281 807 ¹).

215 829 363 895 Eandem
387 829 475 895 viam
507 829 649 912 ingressi
680 835 756 894 sunt
786 833 903 910 poetae
929 826 1050 892 imitati
1074 844 1189 920 versus
1213 825 1353 892 Latinos

124 935 247 1015 prioris
276 935 406 1001 aetatis.
453 937 576 1003 Eorum
605 955 732 1018 quoque
756 936 902 1003 Graecas
936 935 1059 1000 formas
1090 933 1125 998 in
1153 952 1247 999 suum
1276 952 1353 998 con·
1399 992 1402 1011 ,

123 1049 250 1108 textum
274 1043 422 1125 recipere
446 1050 694 1111 consueverunt.

215 1150 269 1215 Ita
292 1150 459 1216 Martialis
483 1150 516 1215 in
541 1150 659 1216 decimi
683 1149 762 1215 libri
787 1168 885 1216 versu
910 1150 1017 1230 68,1:

288 1257 366 1324 011111
390 1258 447 1322 tiit
469 1279 532 1324 non
555 1259 697 1340 Ephesos
720 1278 775 1323 nee
796 1259 839 1324 aa
862 1255 990 1322 Rhodos
1013 1262 1070 1322 0111
1094 1255 1246 1337 Mytilene

214 1364 376 1430 Graecam
407 1365 659 1430 declinationem
690 1371 817 1430 tutatus
848 1370 911 1446 est,
944 1381 1041 1443 quam
1069 1362 1228 1427 Horatius
1259 1361 1352 1426 adlui-

123 1472 243 1536 buerat
265 1471 301 1535 iu
325 1471 506 1537 carminum
531 1472 609 1537 libri
623 1472 732 1554 ¹primi
756 1490 854 1539 versu
880 1472 963 1553 7,1:

500 1632 506 1644 .
535 1631 540 1643 .
568 1633 572 1643 .
599 1580 722 1648 ciarum
744 1579 876 1645 Rhodon
902 1586 958 1644 unt
981 1577 1154 1659 Mytilenen

337 1685 401 1753 Aret
424 1687 573 1769 Epheson
603 1739 608 1752 .
636 1739 642 1751 .
669 1737 676 1751 .

213 1793 392 1860 Praeterea
422 1793 536 1862 Valeri
568 1794 680 1860 Flacci
717 1797 820 1861 verba
854 1795 1019 1876 aridusque
1049 1792 1244 1874 Pyrenaea,
1281 1791 1353 1870 qui-

122 1902 182 1966 bus
206 1919 336 1966 versum
366 1901 382 1965 I
407 1901 471 1968 583
496 1901 620 1983 finivit,
653 1901 828 1967 admonent
852 1901 891 1966 de
915 1899 1045 1982 Vergili
1070 1899 1227 1964 Aeneidis
1255 1916 1353 1964 versu

287 2008 369 2075 VIII
393 2009 473 2074 425:
508 2061 514 2073 .
541 2061 546 2072 .
575 2061 580 2072 .
613 2010 768 2075 nundus
791 2008 932 2074 1111111110
956 2007 1142 2092 Pyracmon.

212 2115 303 2181 idem
328 2121 435 2197 poeta,
461 2134 532 2180 cum
557 2116 592 2181 in
608 2116 720 2181 verbis
744 2122 882 2198 nepotem
899 2115 1043 2180 Pleiones
1068 2113 1229 2180 Graecum
1253 2131 1352 2194 gene-

122 2221 228 2288 tivum
253 2223 425 2288 adhiberet
446 2222 618 2306 (173718),
644 2222 741 2289 Ovidi
760 2222 943 2303 exemplum
967 2227 1098 2287 secutus
1123 2239 1193 2285 esse
1210 2220 1351 2301 videtur,

123 2331 211 2410 apud
248 2349 339 2409 quem
373 2330 424 2395 bis
460 2329 599 2411 legimus
632 2330 837 2412 Pleionesque
865 2351 960 2412 nepos
989 2329 1072 2412 (her.
1102 2327 1182 2394 XVI
1199 2327 1241 2392 62
1275 2333 1349 2391 met.

123 2435 269 2521 11742).

213 2544 348 2626 Semper
379 2544 517 2624 denique
542 2545 703 2610 Graecam
735 2543 874 2610 formam
905 2546 1065 2625 praebent
1089 2542 1191 2607 verba
1217 2543 1351 2623 pendor

122 2649 241 2733 Helles,
266 2669 350 2730 quae
373 2653 460 2732 apud
478 2652 647 2717 Lucanum
664 2651 710 2718 IV
727 2652 769 2715 111
795 2650 1007 2716 Columellam
1023 2649 1056 2714 X
1075 2649 1137 2713 lirb
1162 2647 1349 2713 Martialem

122 2756 172 2822 IX
198 2759 288 2839 71,7
313 2757 506 2825 invenimus,

212 2902 243 2967 3.
268 2900 352 2966 Sunt
374 2907 548 2982 praeterea
571 2901 721 2967 nonnulli
746 2901 820 2981 loci,
836 2886 964 2981 'quibus
988 2899 1041 2966 vel
1067 2900 1214 2966 Graecae
1238 2897 1350 2972 termi-

122 3008 276 3073 nationes
293 3015 446 3074 servatae
463 3015 710 3089 coacervantur,
727 3015 764 3074 ut
779 3008 814 3073 in
826 3007 1041 3089 Priapeorum
1059 3003 1348 3086 carmineLXXV,

122 3115 175 3180 vel
204 3115 335 3182 Graeca
368 3115 556 3182 tenninatio
590 3116 707 3181 talium
741 3115 909 3182 invenitur
942 3114 1121 3194 nominum,
1155 3130 1238 3192 quae
1272 3111 1349 3176 aliis

123 3219 205 3288 locis
223 3221 344 3287 Latine
368 3222 528 3287 declinari
546 3223 661 3304 solent,
686 3231 722 3287 ut
745 3223 780 3287 in
796 3221 923 3288 Lucani
948 3220 1039 3286 tertii
1063 3219 1143 3285 libri
1158 3237 1256 3284 versu
1274 3219 1348 3300 190,

122 3325 156 3392 in
181 3346 245 3409 quo
276 3329 346 3394 solo
372 3330 506 3412 Absyrti
534 3330 676 3396 nominis
701 3331 848 3396 Graecus
871 3327 1095 3394 nominativus
1120 3331 1238 3391 exstat.
1286 3325 1351 3408 Qui

122 3433 187 3501 loci
211 3436 354 3502 colorem
378 3438 538 3518 quendam
563 3437 725 3503 Graccum
750 3437 884 3503 duxisse
908 3435 1070 3516 videntur,
1096 3452 1190 3514 quern
1214 3432 1350 3500 facilius

122 3543 246 3609 sentire
269 3561 366 3624 quam
390 3544 502 3610 verbis
526 3545 699 3625 complecti
729 3551 761 3610 et
785 3544 903 3610 efferre
926 3561 1108 3625 possumus,
1140 3543 1348 3622 quamobrem

122 3667 245 3729 paucos
275 3657 402 3716 tautum
435 3651 518 3718 tales
543 3653 631 3718 locos
662 3651 802 3735 exempli
834 3671 934 3718 causa
962 3669 1152 3733 proponam.
1201 3649 1349 3715 Graecae

122 3763 230 3824 autem
262 3758 510 3824 terminationes
544 3761 685 3825 fortasse
716 3767 867 3825 servatae
898 3765 974 3825 sunt
1003 3757 1057 3824 vel
1088 3758 1175 3836 idco,
1208 3756 1293 3836 quod
1324 3754 1349 3819 ii

122 3861 187 3929 loci
211 3864 265 3930 vel
288 3866 444 3932 translati
468 3873 544 3932 sunt
567 3887 584 3932 1
610 3866 762 3948 Graecia,
792 3885 873 3946 quos
898 3885 961 3932 uon
985 3865 1050 3931 iam
1075 3870 1225 3930 servatos
1249 3863 1349 3927 habe-

123 3987 209 4054 mus,
239 3972 293 4038 vel
322 3972 426 4039 libere
455 3972 615 4040 imitando
648 3973 750 4039 efficti
774 3980 894 4039 sunta
922 3983 1021 4054 poeta
1045 3955 1246 4039 Graecorum
1270 3987 1349 4048 quo·

124 4080 260 4143 rundam
295 4098 447 4146 versuum
485 4080 675 4146 memoriam
715 4087 859 4164 tenente,
900 4080 953 4146 vel
996 4075 1222 4161 graecissandi
1261 4075 1348 4141 ratio

122 4191 298 4267 propterea
326 4186 360 4250 in
384 4187 513 4252 deliciis
537 4188 686 4270 habetur,
719 4189 805 4269 quod
836 4188 878 4254 iis
902 4186 984 4253 locis
1007 4186 1207 4252 Graecorum
1231 4201 1348 4264 morea,

125 4292 315 4376 religiones
347 4294 482 4360 fabulae
514 4303 700 4362 narrantur.
756 4296 826 4380 Quo
857 4299 1006 4376 spectare
1038 4293 1192 4359 videntur
1221 4289 1349 4356 Lucani

124 4400 230 4476 quinti
252 4401 332 4468 libri
350 4421 465 4469 versus
482 4405 521 4468 71
548 4409 581 4468 11
604 4409 786 4484 sequentes
811 4403 846 4468 in
863 4401 980 4482 quibus
997 4402 1156 4481 quomodo
1181 4398 1347 4464 oraculum

215 4597 233 4666 ¹)
253 4597 295 4650 ct.
315 4597 574 4651 Friedlaenderi
593 4597 800 4652 adnotationem
818 4600 847 4651 in
867 4596 996 4652 editionis
1016 4597 1118 4666 pagina
1139 4595 1197 4652 198.

1191 4702 1240 4756 12*
