3522 5310
923 301 967 368 40

837 379 1054 403 ..---.-..-..-”

356 497 419 562 sibi
451 497 682 563 vindicandam
711 519 786 563 esse
810 508 933 582 censet,
964 501 1040 586 quia
1064 499 1162 583 Diog.
1187 499 1295 562 Laert.
1321 499 1336 562 l
1361 499 1403 564 ⁶25
1428 498 1529 564 dicat:

355 601 505 691 (Thales)
532 609 665 697 Κροίσου
694 619 767 698 γοῦν
793 613 968 699 πέμψαντος
994 613 1067 698 πρὸς
1094 611 1259 690 Μιλησίους
1293 611 1339 675 ἐπὶ
1373 613 1530 699 συμμαχίᾳ

355 717 514 782 ἐκώλυσεν.
562 711 716 796 ‘Apparet
738 716 823 778 enim
838 713 921 778 banc
938 713 1039 780 locum
1055 711 1181 793 Ephori
1196 714 1385 796 srepoecatis
1401 713 1529 778 adiudi-

354 819 491 885 candum
514 817 597 885 esse!
645 820 745 906 Atqui
769 820 856 906 apud
882 819 1085 885 Herodotum
1110 818 1126 884 I
1151 819 1193 884 75
1217 817 1339 884 Thales
1363 821 1397 884 in
1414 816 1530 887 Croesi

355 928 473 990 eastris
512 937 656 992 moratur
695 949 834 1014 eumque
874 927 1006 991 adiuvat
1045 929 1225 992 exercitum
1260 925 1369 1013 Halyn
1407 925 1528 991 flumen

354 1033 565 1098 traicientem.
613 1032 734 1100 Thales
758 1036 858 1120 igitur
880 1033 967 1099 illius
992 1034 1120 1100 consilii
1149 1034 1237 1119 quod
1266 1033 1418 1120 Diogene
1445 1044 1528 1098 teste

353 1137 492 1204 Milesiis
509 1140 641 1206 dedisse
658 1139 771 1224 fertur,
797 1158 911 1206 auctor
934 1143 1100 1206 exstitisse
1125 1164 1188 1206 non
1206 1150 1323 1228 potest,
1348 1141 1436 1228 quod
1460 1152 1528 1205 tum

354 1245 442 1312 haud
472 1249 541 1313 scio
575 1272 616 1312 an
647 1250 681 1312 in
704 1248 872 1334 Lydorum
902 1250 990 1334 regis
1020 1250 1137 1314 castris
1173 1271 1249 1312 esse
1273 1270 1374 1314 ausus
1398 1270 1464 1313 non
1488 1251 1530 1312 sit

354 1366 409 1420 aut
437 1356 465 1420 si
492 1357 526 1420 in
553 1357 641 1441 regis
667 1358 783 1424 castris
808 1368 888 1438 erat,
918 1366 986 1420 tum
1011 1355 1074 1421 tale
1099 1354 1272 1420 consilium
1296 1357 1366 1444 regi
1391 1355 1527 1420 obstans

354 1461 433 1526 dare
464 1485 530 1528 non
559 1464 671 1551 potuit.
713 1445 798 1527 ‘Hoc
828 1464 926 1548 igitur
959 1486 1024 1528 non
1054 1465 1159 1548 magis
1196 1461 1281 1527 valet
1308 1485 1406 1549 quam
1436 1461 1527 1544 illud,

352 1593 458 1657 aeque
493 1593 532 1636 ac
563 1571 730 1637 Diodorus
766 1571 816 1636 IX
846 1571 889 1636 28
920 1570 1005 1635 idem
1039 1571 1207 1658 Aesopum
1241 1570 1404 1636 dicentem
1439 1571 1527 1650 facit,

354 1677 441 1764 quod
464 1679 529 1742 XV
558 1680 588 1758 7,
615 1681 631 1742 1
664 1677 809 1744 Platonis
840 1681 975 1760 amicos,
1007 1688 1040 1742 et
1069 1680 1193 1743 Pittaco
1223 1679 1274 1743 IX
1306 1679 1357 1757 12,
1389 1679 1409 1742 3
1440 1677 1527 1742 idem

307 1793 308 1796 ’
351 1784 463 1849 tribuit
478 1785 566 1872 quod
582 1786 667 1850 XXI
680 1787 701 1852 9
714 1787 882 1852 Demetrio
897 1789 978 1871 regi.
996 1786 1110 1872 Itaque
1126 1809 1168 1850 ne
1181 1785 1303 1851 Thales
1321 1784 1452 1872 quidem
1470 1807 1528 1849 cur

352 1893 437 1956 inter
461 1891 576 1959 Croesi
600 1896 757 1959 convivas
781 1917 847 1958 non
872 1896 922 1975 sit,
947 1893 1120 1980 explorare
1145 1893 1224 1958 mihi
1249 1895 1391 1980 contigit.

458 2000 503 2065 Ut
530 2011 637 2066 autem
667 2001 820 2088 Ephorus
846 2001 898 2067 vel
927 2003 1036 2087 potius
1067 2011 1181 2066 auctor
1213 2007 1284 2066 eius
1316 2010 1443 2086 septem
1476 2025 1526 2064 sa-

351 2109 509 2193 pientium
539 2124 736 2174 conventum
765 2108 853 2195 apud
878 2108 1038 2174 Croesum
1062 2107 1208 2173 habitum
1237 2129 1312 2173 esse
1341 2105 1452 2191 refert,
1481 2109 1526 2171 ita

351 2214 461 2279 Plato
495 2217 624 2302 Protag.
656 2217 721 2284 343
747 2216 773 2282 C
805 2228 837 2281 et
861 2215 1024 2281 Plutarch.
1057 2215 1098 2281 dc
1130 2214 1276 2302 tdelph.
1301 2216 1321 2280 3
1345 2213 1524 2302 Delphis.

353 2321 480 2402 Quodsi
496 2323 793 2409 Theophrastus
809 2333 920 2388 narret
942 2332 1091 2409 septem
1115 2324 1317 2410 sapientes
1342 2323 1526 2389 convivia

351 2429 483 2494 facere
507 2430 639 2515 (Athen.
665 2430 715 2497 XI
738 2454 768 2517 p.
792 2431 857 2496 463
883 2453 950 2494 c:
971 2429 1135 2516 Theophr.
1159 2430 1220 2516 frg.
1237 2430 1301 2495 120
1322 2429 1376 2496 W.
1394 2436 1525 2500 ἐποιοῦν-

350 2563 387 2606 το
414 2543 451 2607 δὲ
478 2544 530 2606 καὶ
558 2543 585 2607 ol
613 2542 690 2608 ἑπτὰ
717 2543 900 2631 καλούμενοι
927 2545 1016 2631 σοφοὶ
1032 2545 1230 2631 Ισυμποτικὰς
1257 2543 1384 2630 ὁμιλίας.
1417 2544 1524 2630 ’παροι-

351 2649 495 2736 μυθεῖται
508 2653 568 2737 γὰρ
587 2651 603 2714 ὁ
620 2647 699 2727 οἶνος
714 2653 765 2715 καί
779 2653 833 2732 τὴν
849 2659 906 2716 τοῦ
922 2654 1023 2739 γήρως
1037 2651 1216 2739 bocboptctv’
1235 2651 1307 2740 φησὶ
1323 2647 1525 2740 Θεόφραστος

351 2757 446 2842 ἐντῷ
469 2759 535 2844 περὶ
559 2754 682 2845 μέθης),
708 2753 792 2819 banc
815 2777 885 2818 rem
909 2775 1016 2840 neque
1033 2755 1158 2839 primus
1182 2776 1289 2840 neque
1314 2753 1403 2819 solus
1420 2753 1524 2834 finxit,

350 2868 447 2944 atque
479 2859 560 2924 haec
597 2859 736 2925 fabellae
766 2860 872 2925 forma
910 2870 1026 2947 postea
1055 2883 1168 2924 rursus
1204 2871 1303 2947 atque
1347 2859 1524 2925 identidem

350 2967 579 3053 usurpabatur.
627 2967 722 3032 Hanc
747 2967 951 3055 Didymum
976 2990 1106 3054 quoque
1131 2989 1226 3032 suum
1257 2970 1291 3032 in
1315 2990 1411 3033 usum
1448 2991 1524 3032 con·

350 3077 489 3139 vertisse
506 3098 524 3138 e
541 3075 707 3162 Stephano
722 3077 879 3162 Byzantio
897 3075 1096 3160 intellegitur
1113 3099 1137 3138 s.
1157 3098 1186 3138 r.
1204 3076 1303 3157 Ἤτις,
1319 3077 1377 3161 'qui
1395 3075 1524 3140 decimo

352 3183 384 3245 in
399 3181 482 3246 libro
499 3187 717 3275 Συμποσιακῶν
735 3183 774 3246 de
800 3192 926 3269 septem
950 3182 1154 3269 sapientibus
1179 3183 1288 3268 egitll.
1334 3183 1443 3268 Atque
1460 3182 1524 3246 buc

351 3297 501 3374 spectare
530 3289 682 3354 videntur
711 3311 794 3376 quae
819 3288 974 3354 Clemens
1000 3288 1241 3354 Alexandrinus
1266 3288 1384 3356 Strom.
1410 3288 1427 3352 I
1452 3312 1521 3376 cap.

354 3398 393 3460 14
419 3420 448 3482 p.
469 3397 542 3477 129,
567 3398 608 3461 31
628 3420 676 3483 sq.
695 3395 783 3483 Sylb.
801 3396 903 3475 affert,
923 3399 977 3482 qui
995 3396 1045 3461 bis
1062 3405 1186 3462 tantum
1204 3396 1384 3484 Didymum
1403 3395 1522 3468 laudat,

351 3503 410 3568 sed
435 3505 542 3569 omnia
559 3526 599 3568 ex
617 3527 656 3568 co
681 3503 864 3590 sumpsitl).
894 3505 965 3568 Hoc
988 3505 1072 3569 enim
1090 3503 1225 3590 Didymi
1250 3503 1444 3591 opusculum
1469 3515 1524 3570 aut

351 3613 422 3675 eius
448 3613 589 3698 epitoma
612 3609 652 3674 ab
679 3611 837 3676 Alexione
867 3612 1049 3695 confectall
1075 3611 1313 3698 posterioribus
1339 3611 1522 3676 uberrimus

351 3716 425 3783 fons
439 3718 508 3800 fuit,
526 3741 553 3782 e.
568 3743 597 3803 g.
613 3718 751 3786 loanni
768 3718 944 3784 Stobseo.
973 3719 1001 3783 E
1016 3719 1159 3804 Didymo
1177 3721 1272 3783 etiam
1289 3718 1523 3784 Plutarchus

351 3825 439 3890 haud
466 3848 572 3912 pauca
596 3825 638 3890 ad
670 3827 855 3890 convivium
890 3837 1015 3912 septem
1041 3828 1236 3912 sapientium
1261 3827 1523 3913 componendum

351 3932 559 4020 deprompsit.

439 4040 470 4104 A
497 4039 670 4105 Plutarcho
702 4043 807 4126 primo
839 4043 1024 4105 convivium
1054 4051 1179 4128 septem
1209 4045 1404 4128 sapientium
1436 4043 1523 4130 apud

351 4147 601 4212 Periandrum
627 4149 738 4212 lictum
752 4171 827 4213 esse
844 4151 899 4212 vix
918 4147 1074 4215 credibile
1092 4160 1143 4215 est
1165 4160 1262 4236 atque
1281 4173 1299 4214 e
1317 4150 1427 4215 verbis
1445 4151 1523 4216 Dio·

425 4328 443 4390 ¹)
464 4324 505 4378 Cf.
525 4324 661 4392 Schmidt,
682 4324 791 4393 Didym.
811 4343 838 4393 p.
858 4325 909 4378 371
931 4343 971 4394 sq.

424 4415 446 4484 ²)
466 4413 506 4468 cf.
527 4414 655 4468 Schmidt
673 4417 690 4468 l.
713 4414 732 4468 l.
752 4434 778 4484 p.
798 4414 859 4468 372.
880 4414 964 4482 Diels,
988 4415 1107 4485 Doxogr.
1128 4418 1226 4472 Graec.
1247 4436 1273 4486 p.
1294 4416 1336 4470 79.
1375 4416 1417 4470 De
1436 4415 1522 4470 Wila-

352 4504 468 4572 mowitz,
489 4505 643 4564 comment.
663 4520 780 4572 gramm.
800 4503 828 4557 II
847 4504 986 4572 (1880j81)
1006 4525 1032 4574 p.
1052 4506 1076 4559 6.

423 4594 443 4662 Β)
463 4594 580 4662 Etymol.
602 4592 719 4648 Gudiun.
741 4594 801 4654 124,
820 4595 837 4646 2
857 4619 890 4642 z
911 4595 1038 4648 Schmidt
1056 4596 1072 4650 l.
1093 4597 1110 4651 l.
1131 4615 1156 4666 p¹
1176 4597 1236 4650 378.
