3522 5310
804 321 847 388 43

245 539 318 582 cnm
346 515 485 602 fuerant,
511 517 773 596 commutandum
811 529 891 602 erat,
927 541 1034 607 neque
1071 518 1134 584 hoc
1169 515 1303 583 difficile
1339 527 1418 584 erat.

242 625 315 690 Non
340 649 405 690 una
428 647 503 690 cnm
519 625 708 710 Periandro,
734 627 794 692 sed
819 649 893 691 cum
919 628 1095 713 eiuspatre
1113 624 1258 713 Cypselo
1276 626 1418 707 fuerunt,

244 734 298 818 qni
323 735 387 797 iam
409 733 486 798 inde
510 755 552 797 ex
575 733 698 820 Ephori
723 743 829 800 aetate
854 755 918 798 non
943 745 1113 821 tyrannus,
1146 732 1207 797 sed
1237 732 1418 798 benevolus

244 839 486 906 Corinthiorum
509 863 569 904 rex
593 841 704 926 erat.¹)

333 947 447 1034 ltaque
494 957 675 1012 conventus
724 957 778 1016 aut
817 949 1003 1014 convivium
1050 957 1176 1034 septem
1221 946 1418 1032 sapientium

242 1054 329 1140 apud
354 1054 531 1141 Cypselum
561 1064 596 1120 ut
630 1058 828 1124 contrarium
864 1058 1039 1121 conventui
1072 1067 1128 1119 aut
1158 1055 1309 1119 convivio
1333 1051 1419 1139 apud
1512 1067 1514 1072 '

242 1160 456 1226 Periandrum
491 1162 601 1227 fictum
637 1170 696 1227 est.
746 1161 941 1228 Convivium
966 1185 1045 1227 vero
1070 1170 1197 1248 septem
1223 1161 1418 1246 sapientium

240 1269 329 1355 apud
353 1269 567 1334 Periandrum
593 1291 611 1332 a
634 1268 810 1334 Plutarcho
834 1271 993 1356 scriptum
1024 1269 1120 1334 nobie
1155 1277 1321 1333 servatum
1358 1275 1418 1348 est,

241 1375 301 1440 sed
325 1375 502 1440 verisimile
527 1371 577 1440 est
602 1375 810 1448 Plutarchum
843 1399 949 1464 neque
979 1378 1121 1462 primum
1150 1396 1257 1462 neque
1286 1374 1419 1438 unicum

240 1484 336 1549 talem
362 1484 494 1550 fabulae
525 1486 663 1551 formam
696 1485 843 1556 finxisse,
879 1486 939 1550 sed
963 1484 1072 1549 fontes
1097 1486 1168 1549 eius
1193 1483 1235 1548 ad
1259 1481 1416 1564 ,Alexan-

239 1592 362 1656 drinos‘
386 1591 504 1657 redire.
552 1591 664 1679 Atque
698 1595 851 1680 quoniam
888 1591 964 1657 huic
988 1590 1204 1657 Plutarcheae
1240 1589 1418 1654 narrationi

240 1703 424 1786 oppositum
451 1701 606 1785 scriptum
633 1699 737 1764 fuisse
759 1722 896 1765 censere
913 1723 979 1764 non
994 1722 1182 1786 possumus,
1208 1696 1416 1762 statuendum

240 1816 290 1871 est
312 1805 377 1871 tale
401 1808 567 1872 exstitisse
592 1809 776 1894 oppositum
808 1808 959 1872 convivio
984 1807 1113 1872 cuidam
1138 1814 1265 1893 septem
1289 1805 1419 1890 sapien·

238 1915 318 1977 tium
348 1913 436 2000 apud
459 1914 675 1980 Periandrum
712 1913 831 1996 habito,
857 1915 944 2000 quod
968 1912 1164 1979 Plutarcheo
1193 1914 1284 1999 prius
1309 1911 1417 1975 fuerit.

240 2019 500 2101 Quamobrem
524 2021 788 2089 Archetimum
814 2021 1105 2104 ,Alexandrina‘
1129 2029 1258 2086 aetate
1287 2020 1416 2083 fuisse

239 2136 271 2191 et
316 2129 467 2194 convivio
516 2139 644 2217 septem
682 2129 877 2216 sapientium
917 2130 1003 2215 apud
1044 2129 1258 2195 Periandrum
1305 2125 1415 2192 habito

238 2233 327 2300 aliud
363 2238 560 2322 opposuisse
597 2239 733 2319 conicio,
770 2239 841 2302 sive
877 2235 1022 2302 libellum
1053 2237 1094 2302 de
1130 2245 1256 2323 septem
1285 2236 1415 2320 sapien-

238 2341 325 2406 tibus
363 2346 548 2429 composuit
582 2346 653 2409 sive
694 2355 821 2431 partem
858 2347 929 2410 eins
953 2344 1029 2409 hnic
1069 2343 1253 2430 quaestioni
1291 2341 1412 2406 tribuit.

237 2448 453 2516 Periandrum
477 2460 603 2535 septem
628 2448 832 2537 sapientibus
856 2450 1110 2516 adscribendum
1137 2472 1213 2514 esse
1237 2449 1289 2513 vel
1315 2470 1355 2513 ea
1377 2470 1413 2512 rc

237 2557 378 2642 negavit,
408 2556 496 2644 quod
513 2563 641 2643 septem
658 2556 731 2621 illos
749 2558 837 2644 apud
855 2556 1035 2644 Cypselum
1054 2558 1291 2622 convenientes
1315 2556 1412 2636 fecit3

238 2649 319 2728 nam
349 2662 549 2749 intellegitur
582 2665 627 2728 ita
650 2663 866 2729 Periandrum
897 2667 982 2729 inter
1015 2675 1143 2750 septem
1172 2664 1338 2749 sapientes
1363 2685 1412 2727 re·

238 2771 412 2836 ferendum
435 2793 501 2837 non
526 2794 611 2836 esse.
738 2765 743 2784 ⁹

327 2877 538 2964 Quantopere
562 2878 624 2944 hae
648 2880 691 2944 de
708 2889 832 2966 septem
855 2881 1050 2966 sapientium
1069 2877 1285 2944 conventibus
1303 2899 1411 2942 narra·

237 2987 342 3052 tiones
365 2987 399 3050 in
423 2988 567 3052 omnium
592 3008 647 3051 ore
671 2986 801 3070 fuerint,
826 2986 902 3051 inde
926 2996 1063 3074 apparet
1085 2985 1173 3073 qnod
1203 2986 1300 3050 artis
1325 3007 1412 3071 qno·

238 3076 311 3179 que
345 3095 607 3158 monumentis
644 3106 795 3180 septem
835 3095 1078 3180 sapientium
1115 3091 1324 3178 collegium
1360 3113 1412 3155 re-

237 3209 538 3286 praesentatum
562 3210 632 3266 est.
663 3201 715 3266 Ad
731 3200 990 3268 Alexandrinam
1015 3189 1111 3288 quam
1137 3208 1257 3264 vocant
1272 3193 1412 3263 aetatem

237 3308 321 3372 redit
353 3306 602 3373 celeberrimum
633 3291 714 3373 illud
749 3307 918 3395 exemplar
953 3307 1090 3373 duorum
1123 3308 1222 3372 aetati
1245 3307 1412 3371 Romanae

236 3414 482 3480 tribuendorum
511 3438 670 3502 operum
695 3418 934 3483 musivorum
963 3437 1047 3501 quae
1070 3414 1239 3483 habemus.
1264 3412 1412 3479 Alterum

236 3524 299 3586 iam
329 3521 451 3588 dudum
490 3533 602 3587 notum
635 3521 788 3593 Sarsinae
829 3523 984 3588 effossum
1016 3545 1103 3586 nunc
1127 3523 1249 3587 Romae
1278 3524 1312 3586 in
1335 3520 1413 3585 villa

238 3627 529 3694 Albani-Torlonia
565 3629 661 3713 est²)‚
697 3629 834 3696 alterum
870 3653 955 3694 anno
988 3629 1074 3695 1897
1110 3631 1143 3693 in
1179 3628 1299 3716 oppido
1324 3627 1411 3715 quod

236 3737 339 3802 Torre
352 3737 559 3802 Annunziata
582 3737 702 3801 dicitur
714 3746 879 3825 repertum
897 3738 988 3822 est3).
1018 3737 1127 3822 Atque
1152 3739 1247 3801 etiam
1264 3756 1413 3822 gemma

236 3833 403 3933 quaedam¹
440 3843 504 3908 huc
542 3843 728 3931 pertinet4).
774 3845 837 3908 His
876 3846 909 3908 in
947 3843 1051 3909 tribus
1091 3843 1246 3932 operibus
1285 3852 1412 3930 septem

234 3951 360 4036 figurae
385 3948 514 4016 effictae
539 3963 616 4017 sunt
639 3975 723 4039 quae
753 3954 842 4017 varie
871 3951 1054 4038 explicatae
1083 3962 1170 4034 sunt,
1204 3951 1304 4017 veluti
1341 3952 1411 4016 sine

235 4093 447 4104 ..Α-*-

328 4165 346 4230 ¹)
367 4163 408 4219 cf.
428 4163 479 4217 Ed.
499 4163 603 4233 Meyer,
624 4163 725 4218 Gesch.
746 4165 771 4218 d.
792 4165 846 4218 Ait.
867 4163 895 4218 ΙΙ
914 4165 973 4218 620.

246 4269 248 4272 ·
325 4253 590 4324 ²)Wincl1elmann,
619 4253 741 4309 Monnm.
774 4259 832 4308 ant.
861 4255 934 4320 ined.
963 4259 984 4308 t.
1015 4255 1074 4309 185.
1103 4253 1131 4307 II
1161 4272 1184 4322 p.
1213 4253 1273 4306 2⁴2.
1304 4253 1411 4321 llelbig,

236 4343 342 4398 Firhrer
362 4343 449 4397 durch
468 4343 540 4397 Rom
561 4343 571 4373 ¹
589 4343 617 4397 Il
636 4361 663 4397 n.
683 4343 734 4396 901
754 4361 782 4413 p.
801 4344 836 4397 82
847 4362 887 4413 sq.

324 4433 348 4498 ⁸)
368 4431 508 4502 b'cgliano,
529 4431 594 4487 Not.
619 4433 645 4486 d.
665 4433 744 4488 Scavi
775 4433 842 4487 1897
862 4453 888 4503 p.
918 4433 969 4487 337
990 4451 1028 4502 sq.
1049 4434 1171 4489 Monam.
1201 4436 1258 4487 ant.
1289 4433 1305 4485 d
1334 4431 1411 4486 Line.

235 4521 304 4576 VIII
323 4521 416 4588 (1898)
434 4525 455 4576 t.
477 4521 510 4575 12
529 4539 555 4591 p.
575 4521 629 4576 390
648 4541 690 4592 aq.

323 4613 346 4677 ⁴)
364 4611 585 4681 Furtwaengler,
605 4613 669 4667 Ant.
691 4613 798 4671 Gemm.
819 4614 831 4666 Ι
850 4617 869 4667 t.
890 4612 992 4666 XXXV
1013 4613 1052 4668 30
