<?xml version="1.0" encoding="UTF-8"?>
<!DOCTYPE html PUBLIC "-//W3C//DTD XHTML 1.0 Transitional//EN"
    "http://www.w3.org/TR/xhtml1/DTD/xhtml1-transitional.dtd">
<html xmlns="http://www.w3.org/1999/xhtml" xml:lang="en" lang="en">
 <head>
  <title>
</title>
<meta http-equiv="Content-Type" content="text/html;charset=utf-8" />
  <meta name='ocr-system' content='tesseract 3.04.00' />
  <meta name='ocr-capabilities' content='ocr_page ocr_carea ocr_par ocr_line ocrx_word'/>
</head>
<body>
  <div class='ocr_page' id='page_1' title='image "./deviatqueindole00cohngoog_0591.png"; bbox 0 0 3462 5312; ppageno 0'>
   <div class='ocr_carea' id='block_1_1' title="bbox 844 395 1028 496">
    <p class='ocr_par' dir='ltr' id='par_1_1' title="bbox 844 395 1028 496">
     <span class='ocr_line' id='line_1_1' title="bbox 844 395 1028 496; baseline 0 0"><span class='ocrx_word' id='word_1_1' title='bbox 844 395 1028 496; x_wconf 52' lang='lat' dir='ltr'><strong>Aa</strong></span> 
     </span>
    </p>
   </div>
   <div class='ocr_carea' id='block_1_2' title="bbox 330 609 1561 785">
    <p class='ocr_par' dir='ltr' id='par_1_2' title="bbox 330 609 1561 785">
     <span class='ocr_line' id='line_1_2' title="bbox 419 609 1561 694; baseline -0.002 -18"><span class='ocrx_word' id='word_1_2' title='bbox 419 611 492 694; x_wconf 80' lang='lat' dir='ltr'><strong>Qua</strong></span> <span class='ocrx_word' id='word_1_3' title='bbox 514 611 643 676; x_wconf 84' lang='lat' dir='ltr'><strong>ratione</strong></span> <span class='ocrx_word' id='word_1_4' title='bbox 668 612 899 693; x_wconf 89' lang='lat' dir='ltr'><strong>comprobatur</strong></span> <span class='ocrx_word' id='word_1_5' title='bbox 922 610 990 691; x_wconf 90' lang='lat' dir='ltr'><strong>poli</strong></span> <span class='ocrx_word' id='word_1_6' title='bbox 1015 609 1157 675; x_wconf 90' lang='lat' dir='ltr'><strong>nominis</strong></span> <span class='ocrx_word' id='word_1_7' title='bbox 1174 611 1322 676; x_wconf 81' lang='lat' dir='ltr'><strong>Graecus</strong></span> <span class='ocrx_word' id='word_1_8' title='bbox 1347 611 1561 676; x_wconf 74' lang='lat' dir='ltr'><strong>accusativus</strong></span> 
     </span>
     <span class='ocr_line' id='line_1_3' title="bbox 330 718 1109 785; baseline 0 -3"><span class='ocrx_word' id='word_1_9' title='bbox 330 718 365 782; x_wconf 89' lang='lat' dir='ltr'><strong>in</strong></span> <span class='ocrx_word' id='word_1_10' title='bbox 390 718 580 784; x_wconf 88' lang='lat' dir='ltr'><strong>Germanici</strong></span> <span class='ocrx_word' id='word_1_11' title='bbox 604 719 905 785; x_wconf 87' lang='lat' dir='ltr'><strong>Phaenomenorum</strong></span> <span class='ocrx_word' id='word_1_12' title='bbox 928 736 1025 784; x_wconf 88' lang='lat' dir='ltr'><strong>versu</strong></span> <span class='ocrx_word' id='word_1_13' title='bbox 1050 719 1109 782; x_wconf 80' lang='lat'><strong>22:</strong></span> 
     </span>
    </p>
   </div>
   <div class='ocr_carea' id='block_1_3' title="bbox 548 835 1325 1026">
    <p class='ocr_par' dir='ltr' id='par_1_3' title="bbox 548 835 1325 1026">
     <span class='ocr_line' id='line_1_4' title="bbox 559 835 1325 918; baseline 0 -20"><span class='ocrx_word' id='word_1_14' title='bbox 559 885 565 898; x_wconf 91' lang='lat'>.</span> <span class='ocrx_word' id='word_1_15' title='bbox 592 887 598 899; x_wconf 93' lang='lat'><strong>.</strong></span> <span class='ocrx_word' id='word_1_16' title='bbox 626 887 632 900; x_wconf 88' lang='lat'><strong>.</strong></span> <span class='ocrx_word' id='word_1_17' title='bbox 662 843 832 901; x_wconf 83' lang='lat' dir='ltr'><strong>eatremnm</strong></span> <span class='ocrx_word' id='word_1_18' title='bbox 851 835 996 918; x_wconf 77' lang='lat' dir='ltr'><strong>pominus</strong></span> <span class='ocrx_word' id='word_1_19' title='bbox 1018 835 1203 900; x_wconf 73' lang='lat' dir='ltr'><strong><em>determinat</em></strong></span> <span class='ocrx_word' id='word_1_20' title='bbox 1226 855 1325 912; x_wconf 66' lang='lat' dir='ltr'><strong>mem,</strong></span> 
     </span>
     <span class='ocr_line' id='line_1_5' title="bbox 548 942 1031 1026; baseline -0.002 -20"><span class='ocrx_word' id='word_1_21' title='bbox 548 963 637 1026; x_wconf 76' lang='lat' dir='ltr'><strong>prem</strong></span> <span class='ocrx_word' id='word_1_22' title='bbox 663 942 759 1008; x_wconf 80' lang='lat' dir='ltr'><strong>Grai</strong></span> <span class='ocrx_word' id='word_1_23' title='bbox 782 943 889 1007; x_wconf 77' lang='lat' dir='ltr'><strong>dicere</strong></span> <span class='ocrx_word' id='word_1_24' title='bbox 907 943 1031 1024; x_wconf 79' lang='lat' dir='ltr'><strong>poton.</strong></span> 
     </span>
    </p>
   </div>
   <div class='ocr_carea' id='block_1_4' title="bbox 330 1056 1570 1568">
    <p class='ocr_par' dir='ltr' id='par_1_4' title="bbox 330 1056 1570 1568">
     <span class='ocr_line' id='line_1_6' title="bbox 420 1056 1561 1141; baseline -0.004 -17"><span class='ocrx_word' id='word_1_25' title='bbox 420 1059 568 1124; x_wconf 81' lang='lat' dir='ltr'><strong>Eandem</strong></span> <span class='ocrx_word' id='word_1_26' title='bbox 592 1058 698 1141; x_wconf 84' lang='lat' dir='ltr'><strong>legem</strong></span> <span class='ocrx_word' id='word_1_27' title='bbox 722 1058 913 1124; x_wconf 82' lang='lat' dir='ltr'>observavit</span> <span class='ocrx_word' id='word_1_28' title='bbox 936 1057 1113 1140; x_wconf 79' lang='lat' dir='ltr'><strong>Martialis,</strong></span> <span class='ocrx_word' id='word_1_29' title='bbox 1146 1076 1218 1123; x_wconf 91' lang='lat' dir='ltr'><strong>oum</strong></span> <span class='ocrx_word' id='word_1_30' title='bbox 1247 1057 1281 1122; x_wconf 91' lang='lat' dir='ltr'><strong>in</strong></span> <span class='ocrx_word' id='word_1_31' title='bbox 1305 1057 1356 1122; x_wconf 90' lang='lat' dir='ltr'><strong>IX</strong></span> <span class='ocrx_word' id='word_1_32' title='bbox 1385 1056 1464 1121; x_wconf 83' lang='lat' dir='ltr'><strong>libri</strong></span> <span class='ocrx_word' id='word_1_33' title='bbox 1489 1057 1561 1137; x_wconf 87' lang='lat' dir='ltr'><strong>epi-</strong></span> 
     </span>
     <span class='ocr_line' id='line_1_7' title="bbox 330 1164 1560 1248; baseline -0.003 -17"><span class='ocrx_word' id='word_1_34' title='bbox 330 1171 512 1248; x_wconf 81' lang='lat' dir='ltr'><strong>grammate</strong></span> <span class='ocrx_word' id='word_1_35' title='bbox 539 1167 576 1230; x_wconf 93' lang='lat'><strong>11</strong></span> <span class='ocrx_word' id='word_1_36' title='bbox 603 1165 735 1231; x_wconf 83' lang='lat' dir='ltr'><strong>Eiarini</strong></span> <span class='ocrx_word' id='word_1_37' title='bbox 759 1165 853 1247; x_wconf 88' lang='lat' dir='ltr'><strong>pueri</strong></span> <span class='ocrx_word' id='word_1_38' title='bbox 870 1171 1073 1230; x_wconf 77' lang='lat' dir='ltr'><strong>venustatem</strong></span> <span class='ocrx_word' id='word_1_39' title='bbox 1098 1164 1243 1230; x_wconf 85' lang='lat' dir='ltr'><strong>camnine</strong></span> <span class='ocrx_word' id='word_1_40' title='bbox 1268 1164 1436 1229; x_wconf 86' lang='lat' dir='ltr'><strong>celebrare</strong></span> <span class='ocrx_word' id='word_1_41' title='bbox 1461 1164 1560 1228; x_wconf 85' lang='lat' dir='ltr'><strong>metri</strong></span> 
     </span>
     <span class='ocr_line' id='line_1_8' title="bbox 330 1271 1561 1356; baseline -0.003 -18"><span class='ocrx_word' id='word_1_42' title='bbox 330 1273 528 1339; x_wconf 86' lang='lat' dir='ltr'><strong>difficultate</strong></span> <span class='ocrx_word' id='word_1_43' title='bbox 559 1292 593 1338; x_wconf 92' lang='lat' dir='ltr'><strong>se</strong></span> <span class='ocrx_word' id='word_1_44' title='bbox 617 1273 785 1356; x_wconf 78' lang='lat' dir='ltr'><strong>prohiberi</strong></span> <span class='ocrx_word' id='word_1_45' title='bbox 812 1273 1002 1354; x_wconf 85' lang='lat' dir='ltr'><strong>indignatus</strong></span> <span class='ocrx_word' id='word_1_46' title='bbox 1027 1271 1192 1338; x_wconf 90' lang='lat' dir='ltr'><strong>invideret</strong></span> <span class='ocrx_word' id='word_1_47' title='bbox 1218 1271 1418 1337; x_wconf 87' lang='lat' dir='ltr'><strong>Graecorum</strong></span> <span class='ocrx_word' id='word_1_48' title='bbox 1443 1278 1561 1352; x_wconf 87' lang='lat' dir='ltr'><strong>poeta-</strong></span> 
     </span>
     <span class='ocr_line' id='line_1_9' title="bbox 330 1378 1563 1460; baseline -0.002 -16"><span class='ocrx_word' id='word_1_49' title='bbox 330 1399 401 1445; x_wconf 90' lang='lat' dir='ltr'><strong>rum</strong></span> <span class='ocrx_word' id='word_1_50' title='bbox 426 1381 581 1446; x_wconf 84' lang='lat' dir='ltr'><strong>licentiae</strong></span> <span class='ocrx_word' id='word_1_51' title='bbox 606 1380 761 1445; x_wconf 88' lang='lat' dir='ltr'><strong>metricae</strong></span> <span class='ocrx_word' id='word_1_52' title='bbox 786 1387 819 1446; x_wconf 87' lang='lat' dir='ltr'><strong>et</strong></span> <span class='ocrx_word' id='word_1_53' title='bbox 841 1379 1001 1459; x_wconf 81' lang='lat' dir='ltr'><strong>libertati,</strong></span> <span class='ocrx_word' id='word_1_54' title='bbox 1034 1380 1127 1444; x_wconf 90' lang='lat' dir='ltr'><strong>cuius</strong></span> <span class='ocrx_word' id='word_1_55' title='bbox 1151 1378 1185 1443; x_wconf 94' lang='lat' dir='ltr'><strong>in</strong></span> <span class='ocrx_word' id='word_1_56' title='bbox 1210 1378 1460 1460; x_wconf 82' lang='lat' dir='ltr'><strong>epigrammatis</strong></span> <span class='ocrx_word' id='word_1_57' title='bbox 1485 1397 1563 1443; x_wconf 87' lang='lat' dir='ltr'><strong>ver·</strong></span> 
     </span>
     <span class='ocr_line' id='line_1_10' title="bbox 330 1487 1570 1568; baseline -0.003 -16"><span class='ocrx_word' id='word_1_58' title='bbox 330 1488 422 1553; x_wconf 90' lang='lat' dir='ltr'><strong>sibus</strong></span> <span class='ocrx_word' id='word_1_59' title='bbox 449 1489 490 1554; x_wconf 92' lang='lat'><strong>10</strong></span> <span class='ocrx_word' id='word_1_60' title='bbox 514 1488 626 1567; x_wconf 88' lang='lat' dir='ltr'><strong>etqui</strong></span> <span class='ocrx_word' id='word_1_61' title='bbox 650 1493 838 1568; x_wconf 87' lang='lat' dir='ltr'><strong>sequuntur,</strong></span> <span class='ocrx_word' id='word_1_62' title='bbox 863 1487 1019 1568; x_wconf 83' lang='lat' dir='ltr'><strong>legimus:</strong></span> <span class='ocrx_word' id='word_1_63' title='bbox 1567 1501 1570 1506; x_wconf 66' lang='grc'>“</span> 
     </span>
    </p>
   </div>
   <div class='ocr_carea' id='block_1_5' title="bbox 329 1604 1559 3214">
    <p class='ocr_par' dir='ltr' id='par_1_5' title="bbox 329 1604 1559 3214">
     <span class='ocr_line' id='line_1_11' title="bbox 548 1604 1118 1682; baseline -0.002 -13"><span class='ocrx_word' id='word_1_64' title='bbox 548 1605 669 1670; x_wconf 82' lang='lat' dir='ltr'><strong>Nomen</strong></span> <span class='ocrx_word' id='word_1_65' title='bbox 692 1605 802 1682; x_wconf 82' lang='lat' dir='ltr'><strong>mobile,</strong></span> <span class='ocrx_word' id='word_1_66' title='bbox 827 1605 927 1682; x_wconf 86' lang='lat' dir='ltr'><strong>molle,</strong></span> <span class='ocrx_word' id='word_1_67' title='bbox 952 1604 1118 1670; x_wconf 83' lang='lat' dir='ltr'><strong>delicatam</strong></span> 
     </span>
     <span class='ocr_line' id='line_1_12' title="bbox 491 1711 1141 1778; baseline -0.002 -2"><span class='ocrx_word' id='word_1_68' title='bbox 491 1711 494 1718; x_wconf 83' lang='lat'>&#39;</span> <span class='ocrx_word' id='word_1_69' title='bbox 555 1712 655 1776; x_wconf 83' lang='lat' dir='ltr'><strong>Versa</strong></span> <span class='ocrx_word' id='word_1_70' title='bbox 678 1713 778 1778; x_wconf 76' lang='lat' dir='ltr'><strong>dicere</strong></span> <span class='ocrx_word' id='word_1_71' title='bbox 801 1731 864 1776; x_wconf 82' lang='lat' dir='ltr'><strong>noa</strong></span> <span class='ocrx_word' id='word_1_72' title='bbox 886 1713 962 1777; x_wconf 82' lang='lat' dir='ltr'><strong>rudi</strong></span> <span class='ocrx_word' id='word_1_73' title='bbox 983 1712 1141 1777; x_wconf 84' lang='lat' dir='ltr'><strong>colebam:</strong></span> 
     </span>
     <span class='ocr_line' id='line_1_13' title="bbox 530 1809 1197 1904; baseline -0.003 -20"><span class='ocrx_word' id='word_1_74' title='bbox 530 1819 610 1904; x_wconf 14' lang='lat' dir='ltr'><strong>nScd</strong></span> <span class='ocrx_word' id='word_1_75' title='bbox 633 1827 667 1885; x_wconf 82' lang='lat' dir='ltr'><strong>ta</strong></span> <span class='ocrx_word' id='word_1_76' title='bbox 690 1819 816 1900; x_wconf 82' lang='lat' dir='ltr'><strong>splloba</strong></span> <span class='ocrx_word' id='word_1_77' title='bbox 840 1826 1007 1884; x_wconf 79' lang='lat' dir='ltr'><strong>coalumna</strong></span> <span class='ocrx_word' id='word_1_78' title='bbox 1030 1809 1197 1902; x_wconf 75' lang='lat' dir='ltr'><strong>repnpaos.</strong></span> 
     </span>
     <span class='ocr_line' id='line_1_14' title="bbox 548 1925 1141 2008; baseline -0.002 -17"><span class='ocrx_word' id='word_1_79' title='bbox 548 1925 669 1992; x_wconf 65' lang='lat' dir='ltr'><strong>Dicam</strong></span> <span class='ocrx_word' id='word_1_80' title='bbox 691 1927 880 1991; x_wconf 80' lang='lat' dir='ltr'><strong>Eiarinon</strong></span> <span class='ocrx_word' id='word_1_81' title='bbox 902 1933 1006 1992; x_wconf 82' lang='lat' dir='ltr'><strong>tamea</strong></span> <span class='ocrx_word' id='word_1_82' title='bbox 1024 1933 1141 2008; x_wconf 84' lang='lat' dir='ltr'><strong>poetae,</strong></span> 
     </span>
     <span class='ocr_line' id='line_1_15' title="bbox 549 2033 1265 2117; baseline -0.001 -19"><span class='ocrx_word' id='word_1_83' title='bbox 549 2033 611 2099; x_wconf 82' lang='lat' dir='ltr'><strong>Sed</strong></span> <span class='ocrx_word' id='word_1_84' title='bbox 636 2033 786 2114; x_wconf 80' lang='lat' dir='ltr'><strong>Graeci,</strong></span> <span class='ocrx_word' id='word_1_85' title='bbox 811 2033 926 2116; x_wconf 78' lang='lat' dir='ltr'><strong>prr-ibas</strong></span> <span class='ocrx_word' id='word_1_86' title='bbox 949 2041 993 2100; x_wconf 84' lang='lat' dir='ltr'><strong>eal</strong></span> <span class='ocrx_word' id='word_1_87' title='bbox 1015 2033 1096 2098; x_wconf 77' lang='lat' dir='ltr'><strong>nihil</strong></span> <span class='ocrx_word' id='word_1_88' title='bbox 1117 2039 1265 2117; x_wconf 78' lang='lat' dir='ltr'><strong>nepetam</strong></span> 
     </span>
     <span class='ocr_line' id='line_1_16' title="bbox 547 2131 1167 2228; baseline -0.002 -23"><span class='ocrx_word' id='word_1_89' title='bbox 547 2140 592 2206; x_wconf 84' lang='lat' dir='ltr'><strong>Et</strong></span> <span class='ocrx_word' id='word_1_90' title='bbox 614 2161 692 2223; x_wconf 79' lang='lat' dir='ltr'><strong>quos</strong></span> <span class='ocrx_word' id='word_1_91' title='bbox 709 2131 805 2228; x_wconf 67' lang='grc' dir='ltr'><em>’Λρες</em></span> <span class='ocrx_word' id='word_1_92' title='bbox 821 2136 919 2226; x_wconf 69' lang='grc' dir='ltr'><strong><em>’Ἆρες</em></strong></span> <span class='ocrx_word' id='word_1_93' title='bbox 942 2142 1023 2206; x_wconf 83' lang='lat' dir='ltr'><strong>decet</strong></span> <span class='ocrx_word' id='word_1_94' title='bbox 1045 2161 1167 2206; x_wconf 82' lang='lat' dir='ltr'><strong>sonare.</strong></span> 
     </span>
     <span class='ocr_line' id='line_1_17' title="bbox 419 2255 1558 2338; baseline -0.001 -17"><span class='ocrx_word' id='word_1_95' title='bbox 419 2256 502 2321; x_wconf 90' lang='lat' dir='ltr'><strong>Item</strong></span> <span class='ocrx_word' id='word_1_96' title='bbox 531 2256 691 2337; x_wconf 89' lang='lat' dir='ltr'><strong>praetulit</strong></span> <span class='ocrx_word' id='word_1_97' title='bbox 723 2256 808 2322; x_wconf 90' lang='lat' dir='ltr'><strong>idem</strong></span> <span class='ocrx_word' id='word_1_98' title='bbox 840 2263 937 2338; x_wconf 89' lang='lat' dir='ltr'><strong>poeta</strong></span> <span class='ocrx_word' id='word_1_99' title='bbox 969 2258 1130 2322; x_wconf 78' lang='lat' dir='ltr'><strong>Graecam</strong></span> <span class='ocrx_word' id='word_1_100' title='bbox 1163 2257 1316 2336; x_wconf 79' lang='lat' dir='ltr'><strong>formam,</strong></span> <span class='ocrx_word' id='word_1_101' title='bbox 1348 2275 1419 2321; x_wconf 89' lang='lat' dir='ltr'><strong>eum</strong></span> <span class='ocrx_word' id='word_1_102' title='bbox 1453 2255 1558 2322; x_wconf 88' lang='lat' dir='ltr'><strong>Grae-</strong></span> 
     </span>
     <span class='ocr_line' id='line_1_18' title="bbox 331 2362 1123 2444; baseline -0.001 -16"><span class='ocrx_word' id='word_1_103' title='bbox 331 2383 440 2429; x_wconf 84' lang='lat' dir='ltr'><strong>corum</strong></span> <span class='ocrx_word' id='word_1_104' title='bbox 466 2362 652 2444; x_wconf 82' lang='lat' dir='ltr'><strong>Apollinem</strong></span> <span class='ocrx_word' id='word_1_105' title='bbox 677 2364 771 2428; x_wconf 90' lang='lat' dir='ltr'><strong>deum</strong></span> <span class='ocrx_word' id='word_1_106' title='bbox 797 2362 923 2429; x_wconf 83' lang='lat' dir='ltr'><strong>iaceret</strong></span> <span class='ocrx_word' id='word_1_107' title='bbox 947 2363 1123 2429; x_wconf 85' lang='lat' dir='ltr'><strong>dicentem:</strong></span> 
     </span>
     <span class='ocr_line' id='line_1_19' title="bbox 549 2479 1520 2564; baseline -0.004 -19"><span class='ocrx_word' id='word_1_108' title='bbox 549 2480 644 2563; x_wconf 80' lang='lat' dir='ltr'><strong>„Ipse</strong></span> <span class='ocrx_word' id='word_1_109' title='bbox 668 2501 768 2544; x_wconf 81' lang='lat' dir='ltr'><strong>merem</strong></span> <span class='ocrx_word' id='word_1_110' title='bbox 785 2481 881 2562; x_wconf 84' lang='lat' dir='ltr'><strong>fleri“</strong></span> <span class='ocrx_word' id='word_1_111' title='bbox 908 2481 989 2545; x_wconf 81' lang='lat' dir='ltr'><strong>dicit</strong></span> <span class='ocrx_word' id='word_1_112' title='bbox 1006 2481 1122 2562; x_wconf 80' lang='lat' dir='ltr'><strong>Apollo</strong></span> <span class='ocrx_word' id='word_1_113' title='bbox 1141 2479 1312 2563; x_wconf 81' lang='lat' dir='ltr'><strong>„Liaoa“</strong></span> <span class='ocrx_word' id='word_1_114' title='bbox 1331 2479 1395 2564; x_wconf 85' lang='lat' dir='ltr'><strong>(IX</strong></span> <span class='ocrx_word' id='word_1_115' title='bbox 1412 2479 1465 2560; x_wconf 87' lang='lat'><strong>86,</strong></span> <span class='ocrx_word' id='word_1_116' title='bbox 1477 2479 1520 2560; x_wconf 86' lang='lat'><strong>4).</strong></span> 
     </span>
     <span class='ocr_line' id='line_1_20' title="bbox 420 2596 1558 2688; baseline -0.003 -27"><span class='ocrx_word' id='word_1_117' title='bbox 420 2597 465 2662; x_wconf 93' lang='lat' dir='ltr'><strong>Ut</strong></span> <span class='ocrx_word' id='word_1_118' title='bbox 495 2597 557 2662; x_wconf 92' lang='lat' dir='ltr'><strong>boo</strong></span> <span class='ocrx_word' id='word_1_119' title='bbox 590 2596 662 2662; x_wconf 92' lang='lat' dir='ltr'><strong>loco</strong></span> <span class='ocrx_word' id='word_1_120' title='bbox 695 2596 858 2663; x_wconf 85' lang='lat' dir='ltr'><strong>Graecam</strong></span> <span class='ocrx_word' id='word_1_121' title='bbox 898 2598 1044 2688; x_wconf 53' lang='lat' dir='ltr'><strong>formam⁴</strong></span> <span class='ocrx_word' id='word_1_122' title='bbox 1070 2603 1233 2678; x_wconf 89' lang='lat' dir='ltr'><strong>servaret,</strong></span> <span class='ocrx_word' id='word_1_123' title='bbox 1272 2596 1450 2679; x_wconf 89' lang='lat' dir='ltr'><strong>praecipue</strong></span> <span class='ocrx_word' id='word_1_124' title='bbox 1484 2613 1558 2660; x_wconf 88' lang='lat' dir='ltr'><strong>eum</strong></span> 
     </span>
     <span class='ocr_line' id='line_1_21' title="bbox 330 2695 1559 2783; baseline -0.002 -15"><span class='ocrx_word' id='word_1_125' title='bbox 330 2703 471 2770; x_wconf 89' lang='lat' dir='ltr'><strong>movisse</strong></span> <span class='ocrx_word' id='word_1_126' title='bbox 495 2703 626 2769; x_wconf 90' lang='lat' dir='ltr'><strong>videtur</strong></span> <span class='ocrx_word' id='word_1_127' title='bbox 654 2702 736 2768; x_wconf 89' lang='lat' dir='ltr'><strong>illud</strong></span> <span class='ocrx_word' id='word_1_128' title='bbox 765 2695 800 2768; x_wconf 82' lang='grc' dir='ltr'><strong>αἶ</strong></span> <span class='ocrx_word' id='word_1_129' title='bbox 825 2703 940 2781; x_wconf 71' lang='grc' dir='ltr'><em>Λίνον,</em></span> <span class='ocrx_word' id='word_1_130' title='bbox 972 2705 1056 2783; x_wconf 89' lang='lat' dir='ltr'><strong>quod</strong></span> <span class='ocrx_word' id='word_1_131' title='bbox 1086 2723 1150 2769; x_wconf 92' lang='lat' dir='ltr'><strong>non</strong></span> <span class='ocrx_word' id='word_1_132' title='bbox 1174 2703 1279 2770; x_wconf 90' lang='lat' dir='ltr'><strong>solum</strong></span> <span class='ocrx_word' id='word_1_133' title='bbox 1307 2704 1342 2768; x_wconf 93' lang='lat' dir='ltr'><strong>in</strong></span> <span class='ocrx_word' id='word_1_134' title='bbox 1366 2703 1491 2769; x_wconf 85' lang='lat' dir='ltr'><strong>threnis</strong></span> <span class='ocrx_word' id='word_1_135' title='bbox 1521 2701 1559 2766; x_wconf 90' lang='lat' dir='ltr'><strong>in</strong></span> 
     </span>
     <span class='ocr_line' id='line_1_22' title="bbox 329 2809 1558 2895; baseline -0.002 -20"><span class='ocrx_word' id='word_1_136' title='bbox 329 2809 408 2876; x_wconf 87' lang='lat' dir='ltr'><strong>Lini</strong></span> <span class='ocrx_word' id='word_1_137' title='bbox 438 2816 574 2876; x_wconf 88' lang='lat' dir='ltr'><strong>mortem</strong></span> <span class='ocrx_word' id='word_1_138' title='bbox 606 2809 707 2875; x_wconf 86' lang='lat' dir='ltr'><strong>factis</strong></span> <span class='ocrx_word' id='word_1_139' title='bbox 740 2810 797 2875; x_wconf 82' lang='lat' dir='ltr'><strong>sed</strong></span> <span class='ocrx_word' id='word_1_140' title='bbox 828 2810 926 2875; x_wconf 90' lang='lat' dir='ltr'><strong>etiam</strong></span> <span class='ocrx_word' id='word_1_141' title='bbox 956 2809 1033 2876; x_wconf 86' lang='lat' dir='ltr'><strong>aliis</strong></span> <span class='ocrx_word' id='word_1_142' title='bbox 1064 2809 1180 2895; x_wconf 87' lang='lat' dir='ltr'><strong>locis¹)</strong></span> <span class='ocrx_word' id='word_1_143' title='bbox 1210 2809 1244 2875; x_wconf 94' lang='lat' dir='ltr'><strong>in</strong></span> <span class='ocrx_word' id='word_1_144' title='bbox 1277 2810 1465 2876; x_wconf 86' lang='lat' dir='ltr'><strong>universum</strong></span> <span class='ocrx_word' id='word_1_145' title='bbox 1497 2827 1558 2892; x_wconf 88' lang='lat' dir='ltr'><strong>pro</strong></span> 
     </span>
     <span class='ocr_line' id='line_1_23' title="bbox 330 2917 1170 2998; baseline -0.002 -14"><span class='ocrx_word' id='word_1_146' title='bbox 330 2938 410 2984; x_wconf 87' lang='lat' dir='ltr'><strong>voce</strong></span> <span class='ocrx_word' id='word_1_147' title='bbox 432 2917 535 2983; x_wconf 88' lang='lat' dir='ltr'><strong>flebili</strong></span> <span class='ocrx_word' id='word_1_148' title='bbox 560 2923 752 2998; x_wconf 88' lang='lat' dir='ltr'><strong>usurpatum</strong></span> <span class='ocrx_word' id='word_1_149' title='bbox 776 2917 969 2998; x_wconf 82' lang='lat' dir='ltr'><strong>saepissime</strong></span> <span class='ocrx_word' id='word_1_150' title='bbox 993 2917 1170 2984; x_wconf 83' lang='lat' dir='ltr'><strong>invenitur.</strong></span> 
     </span>
     <span class='ocr_line' id='line_1_24' title="bbox 420 3023 1559 3107; baseline -0.003 -17"><span class='ocrx_word' id='word_1_151' title='bbox 420 3025 567 3090; x_wconf 77' lang='lat' dir='ltr'><strong>blandem</strong></span> <span class='ocrx_word' id='word_1_152' title='bbox 583 3024 671 3090; x_wconf 91' lang='lat' dir='ltr'><strong>viam</strong></span> <span class='ocrx_word' id='word_1_153' title='bbox 689 3025 857 3106; x_wconf 84' lang='lat' dir='ltr'><strong>ingressus</strong></span> <span class='ocrx_word' id='word_1_154' title='bbox 875 3032 925 3089; x_wconf 87' lang='lat' dir='ltr'><strong>est</strong></span> <span class='ocrx_word' id='word_1_155' title='bbox 940 3025 1103 3107; x_wconf 88' lang='lat' dir='ltr'><strong>Lucanus,</strong></span> <span class='ocrx_word' id='word_1_156' title='bbox 1120 3043 1314 3104; x_wconf 83' lang='lat' dir='ltr'><strong>quamquam</strong></span> <span class='ocrx_word' id='word_1_157' title='bbox 1331 3043 1396 3089; x_wconf 90' lang='lat' dir='ltr'><strong>non</strong></span> <span class='ocrx_word' id='word_1_158' title='bbox 1411 3023 1559 3089; x_wconf 86' lang='lat' dir='ltr'><strong>Graecos</strong></span> 
     </span>
     <span class='ocr_line' id='line_1_25' title="bbox 331 3130 1558 3214; baseline -0.004 -17"><span class='ocrx_word' id='word_1_159' title='bbox 331 3132 421 3214; x_wconf 89' lang='lat' dir='ltr'><strong>ipsos</strong></span> <span class='ocrx_word' id='word_1_160' title='bbox 445 3131 642 3213; x_wconf 90' lang='lat' dir='ltr'><strong>appellavit,</strong></span> <span class='ocrx_word' id='word_1_161' title='bbox 671 3133 729 3196; x_wconf 87' lang='lat' dir='ltr'><strong>sed</strong></span> <span class='ocrx_word' id='word_1_162' title='bbox 754 3132 915 3197; x_wconf 89' lang='lat' dir='ltr'><strong>Graecam</strong></span> <span class='ocrx_word' id='word_1_163' title='bbox 941 3139 1145 3197; x_wconf 88' lang='lat' dir='ltr'><strong>vetustatem.</strong></span> <span class='ocrx_word' id='word_1_164' title='bbox 1195 3131 1290 3196; x_wconf 87' lang='lat' dir='ltr'><strong>Dixit</strong></span> <span class='ocrx_word' id='word_1_165' title='bbox 1314 3130 1399 3196; x_wconf 90' lang='lat' dir='ltr'><strong>enim</strong></span> <span class='ocrx_word' id='word_1_166' title='bbox 1424 3131 1456 3196; x_wconf 93' lang='lat' dir='ltr'>X</span> <span class='ocrx_word' id='word_1_167' title='bbox 1473 3131 1558 3194; x_wconf 75' lang='lat'><strong>323:</strong></span> 
     </span>
    </p>
   </div>
   <div class='ocr_carea' id='block_1_6' title="bbox 547 3247 1551 3438">
    <p class='ocr_par' dir='ltr' id='par_1_6' title="bbox 547 3247 1551 3438">
     <span class='ocr_line' id='line_1_26' title="bbox 547 3247 1551 3330; baseline -0.001 -17"><span class='ocrx_word' id='word_1_168' title='bbox 547 3247 643 3329; x_wconf 80' lang='lat' dir='ltr'><strong>Hinc,</strong></span> <span class='ocrx_word' id='word_1_169' title='bbox 669 3249 818 3314; x_wconf 80' lang='lat' dir='ltr'><strong>Abaton</strong></span> <span class='ocrx_word' id='word_1_170' title='bbox 841 3269 936 3330; x_wconf 80' lang='lat' dir='ltr'><strong>quom</strong></span> <span class='ocrx_word' id='word_1_171' title='bbox 959 3255 1067 3314; x_wconf 81' lang='lat' dir='ltr'><strong>nostra</strong></span> <span class='ocrx_word' id='word_1_172' title='bbox 1090 3254 1178 3314; x_wconf 83' lang='lat' dir='ltr'><strong>cocat</strong></span> <span class='ocrx_word' id='word_1_173' title='bbox 1200 3249 1379 3314; x_wconf 81' lang='lat' dir='ltr'><strong>veneranda</strong></span> <span class='ocrx_word' id='word_1_174' title='bbox 1402 3253 1551 3326; x_wconf 67' lang='lat' dir='ltr'><strong>racemos,</strong></span> 
     </span>
     <span class='ocr_line' id='line_1_27' title="bbox 549 3355 1392 3438; baseline 0 -20"><span class='ocrx_word' id='word_1_175' title='bbox 549 3356 645 3422; x_wconf 81' lang='lat' dir='ltr'><strong>Petra</strong></span> <span class='ocrx_word' id='word_1_176' title='bbox 665 3363 779 3438; x_wconf 82' lang='lat' dir='ltr'><strong>patens</strong></span> <span class='ocrx_word' id='word_1_177' title='bbox 797 3357 920 3438; x_wconf 66' lang='lat' dir='ltr'><strong>pedraca</strong></span> <span class='ocrx_word' id='word_1_178' title='bbox 943 3357 1034 3421; x_wconf 80' lang='lat' dir='ltr'><strong>sentit</strong></span> <span class='ocrx_word' id='word_1_179' title='bbox 1054 3377 1206 3438; x_wconf 71' lang='lat' dir='ltr'><strong>pacasse</strong></span> <span class='ocrx_word' id='word_1_180' title='bbox 1229 3355 1392 3420; x_wconf 73' lang='lat' dir='ltr'><strong>lancellam.</strong></span> 
     </span>
    </p>
   </div>
   <div class='ocr_carea' id='block_1_7' title="bbox 330 3472 1556 3658">
    <p class='ocr_par' dir='ltr' id='par_1_7' title="bbox 330 3472 1556 3658">
     <span class='ocr_line' id='line_1_28' title="bbox 418 3472 1556 3554; baseline -0.002 -16"><span class='ocrx_word' id='word_1_181' title='bbox 418 3473 592 3538; x_wconf 87' lang='lat' dir='ltr'><strong>Dubitatio</strong></span> <span class='ocrx_word' id='word_1_182' title='bbox 617 3473 787 3554; x_wconf 87' lang='lat' dir='ltr'><strong>quaedam,</strong></span> <span class='ocrx_word' id='word_1_183' title='bbox 813 3490 1008 3552; x_wconf 89' lang='lat' dir='ltr'><strong>quamquam</strong></span> <span class='ocrx_word' id='word_1_184' title='bbox 1031 3472 1161 3536; x_wconf 88' lang='lat' dir='ltr'><strong>Graeca</strong></span> <span class='ocrx_word' id='word_1_185' title='bbox 1187 3473 1293 3536; x_wconf 85' lang='lat' dir='ltr'><strong>forma</strong></span> <span class='ocrx_word' id='word_1_186' title='bbox 1316 3476 1407 3536; x_wconf 86' lang='lat' dir='ltr'><strong>certa</strong></span> <span class='ocrx_word' id='word_1_187' title='bbox 1432 3476 1491 3553; x_wconf 87' lang='lat' dir='ltr'><strong>est,</strong></span> <span class='ocrx_word' id='word_1_188' title='bbox 1516 3472 1556 3536; x_wconf 90' lang='lat' dir='ltr'><strong>de</strong></span> 
     </span>
     <span class='ocr_line' id='line_1_29' title="bbox 330 3578 1168 3658; baseline -0.004 -13"><span class='ocrx_word' id='word_1_189' title='bbox 330 3579 450 3645; x_wconf 88' lang='lat' dir='ltr'><strong>Manili</strong></span> <span class='ocrx_word' id='word_1_190' title='bbox 474 3579 611 3644; x_wconf 88' lang='lat' dir='ltr'><strong>alterius</strong></span> <span class='ocrx_word' id='word_1_191' title='bbox 634 3578 713 3645; x_wconf 91' lang='lat' dir='ltr'><strong>libri</strong></span> <span class='ocrx_word' id='word_1_192' title='bbox 738 3599 835 3645; x_wconf 89' lang='lat' dir='ltr'><strong>versu</strong></span> <span class='ocrx_word' id='word_1_193' title='bbox 860 3580 923 3644; x_wconf 81' lang='lat'><strong>897</strong></span> <span class='ocrx_word' id='word_1_194' title='bbox 948 3597 1020 3644; x_wconf 90' lang='lat' dir='ltr'><strong>esse</strong></span> <span class='ocrx_word' id='word_1_195' title='bbox 1044 3585 1168 3658; x_wconf 90' lang='lat' dir='ltr'><strong>potest:</strong></span> 
     </span>
    </p>
   </div>
   <div class='ocr_carea' id='block_1_8' title="bbox 546 3695 1458 3886">
    <p class='ocr_par' dir='ltr' id='par_1_8' title="bbox 546 3695 1458 3886">
     <span class='ocr_line' id='line_1_30' title="bbox 546 3695 1458 3776; baseline -0.004 -14"><span class='ocrx_word' id='word_1_196' title='bbox 546 3696 778 3763; x_wconf 81' lang='lat' dir='ltr'><strong>Daemoniea</strong></span> <span class='ocrx_word' id='word_1_197' title='bbox 800 3703 971 3762; x_wconf 81' lang='lat' dir='ltr'><strong>memorant</strong></span> <span class='ocrx_word' id='word_1_198' title='bbox 997 3695 1126 3774; x_wconf 80' lang='lat' dir='ltr'><strong>Graii,</strong></span> <span class='ocrx_word' id='word_1_199' title='bbox 1152 3695 1300 3761; x_wconf 80' lang='lat' dir='ltr'><strong>Romana</strong></span> <span class='ocrx_word' id='word_1_200' title='bbox 1320 3715 1378 3776; x_wconf 83' lang='lat' dir='ltr'><strong>per</strong></span> <span class='ocrx_word' id='word_1_201' title='bbox 1401 3715 1458 3759; x_wconf 88' lang='lat' dir='ltr'><strong>ora</strong></span> 
     </span>
     <span class='ocr_line' id='line_1_31' title="bbox 549 3804 1027 3886; baseline 0.002 -20"><span class='ocrx_word' id='word_1_202' title='bbox 549 3805 713 3886; x_wconf 63' lang='lat' dir='ltr'><strong>qtrocrtftar</strong></span> <span class='ocrx_word' id='word_1_203' title='bbox 735 3806 770 3868; x_wconf 83' lang='lat' dir='ltr'><strong>c&#39;a</strong></span> <span class='ocrx_word' id='word_1_204' title='bbox 793 3825 883 3870; x_wconf 81' lang='lat' dir='ltr'><strong>versa</strong></span> <span class='ocrx_word' id='word_1_205' title='bbox 907 3804 1027 3869; x_wconf 79' lang='lat' dir='ltr'><strong>titulus.</strong></span> 
     </span>
    </p>
   </div>
   <div class='ocr_carea' id='block_1_9' title="bbox 419 3917 1554 3998">
    <p class='ocr_par' dir='ltr' id='par_1_9' title="bbox 419 3917 1554 3998">
     <span class='ocr_line' id='line_1_32' title="bbox 419 3917 1554 3998; baseline -0.003 -13"><span class='ocrx_word' id='word_1_206' title='bbox 419 3922 491 3986; x_wconf 88' lang='lat' dir='ltr'><strong>Hoc</strong></span> <span class='ocrx_word' id='word_1_207' title='bbox 515 3921 601 3986; x_wconf 88' lang='lat' dir='ltr'><strong>enim</strong></span> <span class='ocrx_word' id='word_1_208' title='bbox 626 3920 696 3986; x_wconf 89' lang='lat' dir='ltr'><strong>loco</strong></span> <span class='ocrx_word' id='word_1_209' title='bbox 721 3920 860 3986; x_wconf 88' lang='lat' dir='ltr'><strong>Iacobus</strong></span> <span class='ocrx_word' id='word_1_210' title='bbox 882 3919 1082 3986; x_wconf 85' lang='lat' dir='ltr'><strong>Daemom&#39;oa</strong></span> <span class='ocrx_word' id='word_1_211' title='bbox 1105 3918 1279 3984; x_wconf 88' lang='lat' dir='ltr'><strong>adnotavit</strong></span> <span class='ocrx_word' id='word_1_212' title='bbox 1301 3919 1361 3982; x_wconf 87' lang='lat' dir='ltr'><strong>sub</strong></span> <span class='ocrx_word' id='word_1_213' title='bbox 1385 3917 1498 3982; x_wconf 90' lang='lat' dir='ltr'><strong>littera</strong></span> <span class='ocrx_word' id='word_1_214' title='bbox 1516 3917 1554 3998; x_wconf 82' lang='lat' dir='ltr'><strong>A,</strong></span> 
     </span>
    </p>
   </div>
   <div class='ocr_carea' id='block_1_10' title="bbox 330 4023 1557 4220">
    <p class='ocr_par' dir='ltr' id='par_1_10' title="bbox 330 4023 1557 4220">
     <span class='ocr_line' id='line_1_33' title="bbox 330 4023 1557 4109; baseline -0.004 -16"><span class='ocrx_word' id='word_1_215' title='bbox 330 4047 395 4109; x_wconf 88' lang='lat' dir='ltr'><strong>qua</strong></span> <span class='ocrx_word' id='word_1_216' title='bbox 432 4026 608 4094; x_wconf 89' lang='lat' dir='ltr'><strong>editionem</strong></span> <span class='ocrx_word' id='word_1_217' title='bbox 639 4027 763 4094; x_wconf 80' lang='lat' dir='ltr'><strong>Antoni</strong></span> <span class='ocrx_word' id='word_1_218' title='bbox 795 4027 910 4093; x_wconf 87' lang='lat' dir='ltr'><strong>blolini</strong></span> <span class='ocrx_word' id='word_1_219' title='bbox 942 4023 1231 4108; x_wconf 61' lang='lat' dir='ltr'><strong>lllatisconensisl)</strong></span> <span class='ocrx_word' id='word_1_220' title='bbox 1260 4024 1383 4105; x_wconf 87' lang='lat' dir='ltr'><strong>reddit,</strong></span> <span class='ocrx_word' id='word_1_221' title='bbox 1422 4025 1462 4089; x_wconf 94' lang='lat' dir='ltr'><strong>de</strong></span> <span class='ocrx_word' id='word_1_222' title='bbox 1493 4043 1557 4104; x_wconf 88' lang='lat' dir='ltr'><strong>qua</strong></span> 
     </span>
     <span class='ocr_line' id='line_1_34' title="bbox 330 4131 1555 4220; baseline -0.004 -19"><span class='ocrx_word' id='word_1_223' title='bbox 330 4135 461 4220; x_wconf 77' lang='lat' dir='ltr'><strong>dicit³):</strong></span> <span class='ocrx_word' id='word_1_224' title='bbox 496 4141 548 4218; x_wconf 86' lang='lat' dir='ltr'><strong>,et</strong></span> <span class='ocrx_word' id='word_1_225' title='bbox 571 4135 744 4200; x_wconf 88' lang='lat' dir='ltr'><strong>rarissima</strong></span> <span class='ocrx_word' id='word_1_226' title='bbox 773 4143 824 4200; x_wconf 91' lang='lat' dir='ltr'><strong>est</strong></span> <span class='ocrx_word' id='word_1_227' title='bbox 852 4141 884 4199; x_wconf 90' lang='lat' dir='ltr'><strong>et</strong></span> <span class='ocrx_word' id='word_1_228' title='bbox 907 4153 1006 4216; x_wconf 89' lang='lat' dir='ltr'><strong>saepe</strong></span> <span class='ocrx_word' id='word_1_229' title='bbox 1035 4133 1086 4198; x_wconf 93' lang='lat' dir='ltr'><strong>sui</strong></span> <span class='ocrx_word' id='word_1_230' title='bbox 1111 4131 1308 4198; x_wconf 86' lang='lat' dir='ltr'><strong>desiderium</strong></span> <span class='ocrx_word' id='word_1_231' title='bbox 1337 4131 1454 4214; x_wconf 89' lang='lat' dir='ltr'><strong>movit,</strong></span> <span class='ocrx_word' id='word_1_232' title='bbox 1479 4131 1555 4212; x_wconf 87' lang='lat' dir='ltr'><strong>quia</strong></span> 
     </span>
    </p>
   </div>
   <div class='ocr_carea' id='block_1_11' title="bbox 331 4325 1557 4580">
    <p class='ocr_par' dir='ltr' id='par_1_11' title="bbox 331 4325 1557 4580">
     <span class='ocr_line' id='line_1_35' title="bbox 423 4325 1557 4400; baseline -0.004 -16"><span class='ocrx_word' id='word_1_233' title='bbox 423 4331 441 4399; x_wconf 83' lang='lat'><strong>¹)</strong></span> <span class='ocrx_word' id='word_1_234' title='bbox 466 4330 508 4386; x_wconf 79' lang='lat' dir='ltr'><strong>ef.</strong></span> <span class='ocrx_word' id='word_1_235' title='bbox 533 4330 629 4384; x_wconf 89' lang='lat' dir='ltr'><strong>Aesch.</strong></span> <span class='ocrx_word' id='word_1_236' title='bbox 650 4333 701 4400; x_wconf 85' lang='lat' dir='ltr'><strong>Ag.</strong></span> <span class='ocrx_word' id='word_1_237' title='bbox 723 4331 772 4383; x_wconf 80' lang='lat'><strong>121</strong></span> <span class='ocrx_word' id='word_1_238' title='bbox 811 4330 890 4398; x_wconf 88' lang='lat' dir='ltr'><strong>Soph.</strong></span> <span class='ocrx_word' id='word_1_239' title='bbox 909 4331 951 4385; x_wconf 81' lang='lat' dir='ltr'><strong>ni.</strong></span> <span class='ocrx_word' id='word_1_240' title='bbox 976 4329 1026 4382; x_wconf 77' lang='lat'><strong>627</strong></span> <span class='ocrx_word' id='word_1_241' title='bbox 1066 4327 1343 4382; x_wconf 82' lang='lat' dir='ltr'><strong>Eur.Phoon.153b</strong></span> <span class='ocrx_word' id='word_1_242' title='bbox 1379 4327 1469 4384; x_wconf 84' lang='lat' dir='ltr'><strong>Oreet.</strong></span> <span class='ocrx_word' id='word_1_243' title='bbox 1491 4325 1557 4380; x_wconf 67' lang='grc'><strong>1394)</strong></span> 
     </span>
     <span class='ocr_line' id='line_1_36' title="bbox 331 4419 854 4488; baseline -0.006 -13"><span class='ocrx_word' id='word_1_244' title='bbox 331 4419 432 4475; x_wconf 84' lang='lat' dir='ltr'><strong>Moscb.</strong></span> <span class='ocrx_word' id='word_1_245' title='bbox 453 4421 506 4488; x_wconf 85' lang='lat'><strong>3‚1</strong></span> <span class='ocrx_word' id='word_1_246' title='bbox 534 4419 622 4474; x_wconf 86' lang='lat' dir='ltr'><strong>Nono.</strong></span> <span class='ocrx_word' id='word_1_247' title='bbox 637 4421 716 4476; x_wconf 82' lang='lat' dir='ltr'><strong>Ilion.</strong></span> <span class='ocrx_word' id='word_1_248' title='bbox 739 4421 854 4487; x_wconf 85' lang='lat'><strong>19,180.</strong></span> 
     </span>
     <span class='ocr_line' id='line_1_37' title="bbox 421 4505 1555 4580; baseline -0.003 -18"><span class='ocrx_word' id='word_1_249' title='bbox 421 4511 441 4580; x_wconf 77' lang='lat'><strong>²)</strong></span> <span class='ocrx_word' id='word_1_250' title='bbox 462 4511 504 4563; x_wconf 75' lang='lat' dir='ltr'><strong>el.</strong></span> <span class='ocrx_word' id='word_1_251' title='bbox 526 4510 697 4578; x_wconf 84' lang='lat' dir='ltr'><strong>Foerster,</strong></span> <span class='ocrx_word' id='word_1_252' title='bbox 717 4511 899 4576; x_wconf 70' lang='lat' dir='ltr'><strong>(lunestiones</strong></span> <span class='ocrx_word' id='word_1_253' title='bbox 919 4507 1204 4577; x_wconf 76' lang='lat' dir='ltr'><strong>physiognomonicae.</strong></span> <span class='ocrx_word' id='word_1_254' title='bbox 1226 4507 1317 4560; x_wconf 87' lang='lat' dir='ltr'><strong>Kiliae</strong></span> <span class='ocrx_word' id='word_1_255' title='bbox 1340 4505 1416 4572; x_wconf 77' lang='lat'><strong>1890,</strong></span> <span class='ocrx_word' id='word_1_256' title='bbox 1436 4522 1461 4573; x_wconf 89' lang='lat' dir='ltr'><strong>p.</strong></span> <span class='ocrx_word' id='word_1_257' title='bbox 1478 4507 1555 4571; x_wconf 77' lang='lat' dir='ltr'><strong>lsqq.</strong></span> 
     </span>
    </p>
   </div>
   <div class='ocr_carea' id='block_1_12' title="bbox 419 4599 646 4669">
    <p class='ocr_par' dir='ltr' id='par_1_12' title="bbox 419 4599 646 4669">
     <span class='ocr_line' id='line_1_38' title="bbox 419 4599 646 4669; baseline 0.004 -17"><span class='ocrx_word' id='word_1_258' title='bbox 419 4599 440 4669; x_wconf 67' lang='grc'><strong>8)</strong></span> <span class='ocrx_word' id='word_1_259' title='bbox 460 4599 533 4652; x_wconf 74' lang='lat' dir='ltr'><strong>aare.</strong></span> <span class='ocrx_word' id='word_1_260' title='bbox 554 4617 578 4668; x_wconf 75' lang='lat' dir='ltr'><strong>p.</strong></span> <span class='ocrx_word' id='word_1_261' title='bbox 600 4599 646 4654; x_wconf 82' lang='lat' dir='ltr'><strong>rx.</strong></span> 
     </span>
    </p>
   </div>
   <div class='ocr_carea' id='block_1_13' title="bbox 0 0 1736 5312">
    <p class='ocr_par' dir='ltr' id='par_1_13' title="bbox 0 0 1736 5312">
     <span class='ocr_line' id='line_1_39' title="bbox 0 0 1736 5312; baseline 0 0"><span class='ocrx_word' id='word_1_262' title='bbox 0 0 1736 5312; x_wconf 95' lang='lat' dir='ltr'><strong> </strong></span> 
     </span>
    </p>
   </div>
  </div>
 </body>
</html>
