3442 5324
868 407 1076 508 Aa„

361 619 496 706 verit¹);
520 639 583 701 quo
607 622 701 688 modo
728 621 849 686 laetum
874 627 933 704 est,
958 627 994 688 ut
1017 641 1069 688 res
1094 620 1181 704 illae,
1208 619 1325 702 quibus
1348 621 1377 687 si
1402 621 1436 688 in
1466 641 1580 688 scaena

359 727 437 809 ipsa
467 735 562 794 actae
586 733 703 810 essent,
735 735 938 809 spectatores
968 727 1253 795 vehementissime
1282 729 1434 795 commoti
1466 737 1579 808 essent

360 839 427 900 tres
453 834 486 899 in
509 841 621 916 pantes
645 833 886 901 dividerentur:

469 958 499 1046 1)
524 960 667 1026 Auditur
690 961 814 1027 elamor
838 962 907 1028 eius
931 963 987 1042 qni
1011 967 1155 1028 necatur.

466 1066 498 1152 2)
522 1067 704 1135 Nuntiatur
727 1068 904 1134 trucidatio
929 1087 991 1150 quo
1015 1069 1108 1134 modo
1132 1068 1178 1134 sit
1201 1069 1302 1134 facta.

467 1173 501 1258 3)
525 1173 781 1258 Conspiciuntur
804 1195 944 1258 corpora
967 1175 1050 1257 ipsa.

949 1478 998 1575 ΙΙ.

449 1657 610 1742 Quoniam
638 1657 749 1740 priore
772 1658 1056 1725 commentationis
1085 1665 1180 1740 parte
1203 1658 1481 1726 demonstravisse
1505 1657 1582 1723 mihi

360 1766 487 1848 uideor,
522 1785 615 1846 quem
651 1767 693 1831 ad
721 1766 849 1831 modum
878 1765 1061 1850 Aeschylus
1094 1765 1256 1848 effecerit,
1296 1773 1332 1831 ut
1362 1771 1396 1831 et
1427 1765 1520 1832 locus
1552 1771 1581 1829 ct

333 1872 432 1940 'dies
465 1891 525 1956 por
563 1879 665 1938 totam
698 1872 845 1939 fabulam
878 1873 964 1938 idem
1002 1878 1124 1955 essent,
1162 1892 1248 1938 nunc
1278 1873 1418 1957 primum
1457 1873 1581 1954 quidem

359 1979 603 2061 disquirendum
627 1987 686 2062 est,
712 1987 819 2046 utrum
840 1980 939 2046 etiam
963 1979 1258 2063 tragoediarum
1281 1980 1580 2061 Sophoclearum

359 2087 446 2154 actio
482 2106 544 2167 quo
574 2087 627 2152 die
662 2087 793 2154 initium
824 2087 962 2171 ceperit,
996 2090 1106 2154 eodem
1138 2088 1180 2154 ad
1209 2088 1305 2154 finem
1339 2089 1514 2171 perducta,
1544 2106 1581 2152 an

359 2195 465 2261 maius
499 2194 657 2276 temporis
692 2195 835 2276 spatium
865 2195 953 2261 inter
986 2195 1126 2278 primam
1162 2201 1195 2261 et
1227 2202 1406 2262 extremam
1438 2195 1580 2261 fabulam

360 2301 590 2384 interpositum
614 2302 667 2368 sit.

449 2410 557 2489 Atque
581 2409 675 2489 quasi
704 2409 888 2492 caliginosa
911 2430 976 2476 nox
999 2409 1183 2492 praeterita
1211 2409 1443 2493 impedimento
1472 2407 1579 2488 luerit,

359 2536 400 2582 ne
431 2517 516 2596 quod
546 2523 623 2582 ante
653 2517 783 2582 initium
815 2517 950 2584 fabulae
979 2517 1154 2584 accidisset
1198 2536 1308 2583 coram
1345 2516 1580 2600 spectatoribus

360 2631 523 2706 ageretur,
548 2623 723 2705 Sophocles
747 2625 937 2706 plerumque
960 2625 1091 2691 initium
1112 2625 1245 2691 fabulae
1269 2624 1376 2707 ipsum
1393 2642 1465 2690 cum
1489 2622 1579 2688 initio

361 2730 427 2796 diei
451 2730 629 2814 coniungit.

450 2839 571 2904 Aiace
605 2839 691 2905 enirn
723 2839 839 2906 fabula
869 2840 1000 2906 ineunte
1030 2841 1146 2908 Ulixes
1178 2843 1217 2907 dc
1248 2840 1397 2907 facinore
1426 2847 1579 2906 nocturno

360 2943 488 3010 ininuici
512 2928 767 3012 certior'sactus
790 2964 854 3013 non
877 2946 979 3013 multo
1004 2953 1080 3013 ante
1104 2947 1228 3014 claram
1251 2947 1356 3013 lucem
1381 2945 1578 3033 (1.21-23,

362 3051 435 3133 141,
461 3050 535 3135 209,
561 3050 639 3138 217)
667 3054 709 3118 ad
732 3053 908 3119 tentorium
936 3054 1028 3121 illius
1052 3055 1233 3136 contendit,
1263 3061 1299 3120 ut
1322 3058 1501 3137 cognoscat
1522 3069 1579 3134 quo

360 3161 453 3226 modo
484 3160 538 3224 hic
567 3179 603 3226 se
632 3161 762 3226 habeat.
810 3161 937 3227 Deinde
966 3169 1138 3244 postquam
1163 3163 1251 3228 Aiax
1278 3161 1391 3228 verbis
1422 3157 1580 3242 ambiguis

360 3267 566 3333 Tecmessam
585 3266 709 3333 fefellit
733 3275 830 3348 atque
853 3276 890 3334 nt
914 3269 984 3351 ipse
1001 3269 1065 3335 sibi
1090 3276 1226 3336 mortem
1250 3269 1468 3336 conscisceret
1491 3265 1580 3342 abiit,

362 3373 495 3439 nuntius
517 3373 611 3440 illam
635 3376 675 3440 de
698 3375 885 3457 praeceptis
906 3377 1032 3442 Teucro
1056 3397 1076 3443 a
1100 3377 1278 3444 Calchante
1302 3376 1390 3442 datis
1414 3374 1580 3442 certiorem

362 3480 479 3563 reddit,
505 3481 560 3561 qui
585 3480 720 3546 Aiacem
745 3482 881 3548 hoodie
906 3483 994 3549 intra
1017 3483 1191 3549 tentorium
1216 3483 1321 3549 tcneri
1345 3481 1501 3550 iusserat:

382 3625 412 3671 v.
432 3606 601 3670 753—-57:
627 3597 757 3694 εἶρξαι
780 3604 859 3673 κατ’
875 3597 978 3696 ἦμαρ
1001 3605 1228 3696 τούμφανὲς
1249 3605 1292 3672 τὸ
1316 3609 1384 3672 νῦν
1406 3603 1495 3672 τόδε

626 3711 752 3780 Αἴανθ’
767 3711 833 3780 ὑπὸ
858 3719 1009 3801 σκηναῖσι
1033 3712 1110 3803 μηδ’
1126 3711 1240 3804 ἀφέντ’
1256 3713 1323 3794 ἐᾶν,

629 3818 660 3885 ec’
683 3818 777 3902 ζῶντ’
795 3819 917 3887 ἐκεῖνον
941 3820 1079 3888 εἰσιδεῖν
1102 3820 1200 3890 θέλοι
1223 3820 1314 3889 ποτέ.

627 3926 685 4015 ἐλᾷ
707 3924 770 4018 γὰρ
794 3925 894 3995 αὐτὸν
916 3931 1010 4018 τῇδε
1033 3925 1191 4019 θήμέρᾳ
1213 3927 1310 4018 μόνῃ

628 4034 704 4111 δίας
727 4032 873 4114 Ἀθάνας
896 4041 1003 4126 μῆνις,
1028 4036 1073 4115 ὠς
1096 4034 1161 4127 ἔφη
1185 4036 1295 4123 λέγων.

361 4153 451 4217 Idem
475 4153 592 4218 docent
615 4170 729 4219 versus
755 4153 818 4219 778
843 4160 876 4220 et
899 4154 1084 4221 801-802.

449 4271 520 4353 Quo
553 4271 666 4337 nuntio
700 4271 802 4337 allato
837 4272 1011 4338 Tecmessa
1050 4289 1114 4338 una
1148 4291 1218 4337 oum
1253 4271 1352 4337 choro
1391 4269 1461 4336 sine
1492 4284 1577 4334 mora

362 4378 506 4458 vestigia
529 4377 644 4445 Aiacis
668 4386 839 4461 persecuta
865 4398 982 4462 corpus
1007 4379 1077 4445 eius
1101 4385 1262 4445 mortuum
1287 4379 1415 4444 deserto
1438 4376 1506 4442 loco
1529 4391 1576 4439 re-

387 4519 571 4526 ---—--—

451 4613 470 4680 ¹)
491 4611 549 4665 Hac
569 4610 601 4665 de
620 4627 649 4664 re
668 4611 729 4665 vida
748 4611 831 4668 infra.
