3496 5310
675 403 887 504 ,c-

170 615 334 702 Capaneos
349 617 531 684 Macareus
561 615 703 684 Ilioneus
732 615 914 700 Menalcas,
949 622 986 683 nt
1019 617 1060 682 de
1093 617 1217 683 Latina
1249 636 1394 700 pronun-

167 723 305 792 tiatione
327 743 369 790 ue
392 723 535 808 cogitari
559 723 688 806 quidem
712 723 828 806 possit.
861 722 1086 792 terminationi
1111 742 1208 790 unam
1232 725 1394 807 syllabam

167 833 298 899 brevem
322 831 520 898 antecedere
544 830 631 897 nullo
656 831 690 898 in
715 832 844 898 nomine
867 831 1027 898 videmus,
1062 831 1127 897 nisi
1150 831 1253 915 igitur
1276 838 1395 914 poetae

166 938 216 1004 his
262 937 447 1004 nominibus
489 938 658 1004 abstinere
701 939 873 1022 volebant,
921 938 1084 1005 Graecam
1130 939 1395 1006 terminationem

166 1064 301 1113 servare
324 1045 397 1128 ipso
421 1053 526 1112 metro
550 1045 658 1112 coacti
682 1052 769 1112 snnt.
806 1047 919 1128 itaque
942 1047 1027 1127 qnod
1052 1045 1198 1112 omnibns
1222 1046 1303 1112 locis
1326 1069 1396 1114 -aas

166 1169 268 1218 unam
289 1170 362 1218 esse
385 1151 548 1236 syllabam
572 1171 671 1235 snpra
694 1152 851 1233 vidimus,
881 1153 944 1219 lroc
974 1173 1037 1219 non
1068 1171 1146 1219 casu
1173 1153 1302 1220 factum·
1323 1173 1396 1220 esse

164 1277 271 1340 neque
301 1266 476 1341 poetarum
506 1258 647 1325 arbitrio
678 1259 737 1326 sed
763 1260 864 1326 metri
887 1258 1089 1327 necessitate
1113 1259 1198 1326 satis
1223 1279 1296 1327 esse
1319 1279 1395 1343 pro-

167 1367 281 1432 batum
304 1366 448 1434 videtur.

255 1473 328 1540 Hoc
350 1474 422 1541 loco
446 1475 606 1557 quaedam
631 1474 754 1540 addere
777 1474 890 1557 placet
914 1476 954 1541 de
978 1473 1118 1558 obliquis
1142 1475 1274 1542 casibus
1293 1475 1396 1542 nomi-

165 1600 243 1648 nnm
266 1600 400 1663 qnorum
426 1581 616 1648 terminatio
639 1603 709 1648 -aaa
733 1589 795 1649 est.
831 1581 863 1648 in
880 1601 979 1666 prosa
1002 1584 1153 1648 oratione
1176 1582 1243 1649 ista
1265 1585 1397 1650 nomina

164 1689 198 1755 in
230 1689 423 1756 accusativo
452 1689 487 1756 in
516 1711 602 1756 -eum
632 1689 784 1772 exibant,
816 1709 887 1756 cnm
919 1691 1096 1772 scriptores
1125 1691 1239 1772 optimi
1264 1687 1398 1758 ‘Graeca

165 1796 251 1880 loqui
273 1798 309 1862 io
331 1795 447 1864 Latino
472 1793 657 1883 sermona'1)
687 1797 828 1864 nollent:
865 1799 1075 1864 accusativus
1106 1803 1216 1864 antem
1245 1799 1395 1866 Graecus

165 1909 254 1986 erat,
285 1921 347 1985 quo
373 1922 472 1970 aures
497 1902 788 1990 offenderenturp.
835 1907 947 1970 manen
972 1911 1089 1987 poetas
1112 1924 1153 1972 ne
1177 1924 1241 1972 nno
1266 1905 1396 1989 quidem

165 2010 239 2077 loco
271 2009 375 2077 latine
404 2009 528 2077 locutos
553 2029 626 2078 esse
649 2010 700 2076 his
724 2011 757 2077 in
782 2011 966 2078 nominibus
993 2019 1117 2078 certum
1141 2014 1256 2080 habeo.
1305 2013 1396 2078 cuins

168 2119 217 2184 rei
244 2117 326 2184 haec
349 2134 423 2184 esse
446 2135 547 2184 cansa
569 2118 713 2186 videtur.

256 2225 393 2291 Illorum
412 2225 576 2293 nominum
593 2244 727 2307 quorum
744 2225 971 2293 terminationi
983 2227 1133 2293 Graecae
1150 2229 1235 2294 dnae
1248 2229 1397 2312 syllabae

165 2333 286 2400 breves
315 2333 528 2413 antecedunt,
561 2333 771 2400 accusativus
801 2353 891 2400 more
915 2333 1035 2400 Latino
1061 2353 1121 2416 per
1143 2356 1227 2401 aum
1250 2335 1396 2419 syllabas

165 2438 365 2506 terminatus
387 2438 421 2505 in
445 2440 578 2505 heroum
603 2458 733 2506 versum
763 2441 868 2522 recipi
899 2440 1029 2507 omnino
1062 2460 1126 2506 non
1156 2441 1279 2525 potnit,
1311 2443 1397 2524 qnod

164 2545 356 2629 tribrachys
378 2546 440 2612 hoc
462 2545 495 2612 in
522 2565 619 2612 versu
642 2547 781 2613 tolerari
798 2546 965 2630 nequibat.
998 2566 1190 2630 quamquam
1208 2549 1397 2616 terminatio

165 2652 301 2721 Graeca
319 2653 466 2736 volgaris
482 2672 566 2734 qnae
589 2675 654 2720 -aa
679 2660 740 2737 est,
766 2660 882 2736 poetas
907 2673 970 2721 non
995 2656 1133 2739 adiuvit,
1158 2661 1267 2722 tamen
1292 2675 1397 2722 reme-

165 2761 257 2827 dium
292 2761 505 2842 invenernnt,
545 2761 586 2826 de
623 2779 686 2842 qno
722 2761 828 2843 paulo,
856 2761 947 2828 infra
981 2762 1152 2829 disseram.
1212 2769 1395 2830 ceterorum

163 2867 334 2935 nominum
367 2867 591 2935 accusativum
624 2869 666 2934 ad
699 2868 921 2936 Romanorum
955 2871 1084 2936 modum
1118 2868 1243 2937 factum
1279 2876 1396 2952 poetae

164 2974 346 3042 admittere
375 2994 439 3041 non
470 2980 663 3060 potnerunt,
694 2976 759 3042 nisi
784 2976 840 3042 nbi
870 2977 1002 3060 syllaba
1032 2979 1234 3059 sequebatur
1271 2997 1397 3060 qnaea

164 3081 265 3151 brevi
295 3082 404 3149 vocali
434 3083 628 3165 incipiebat,
660 3083 693 3148 id
725 3084 810 3165 qnod
840 3102 976 3166 perraro
1006 3084 1053 3149 fit.
1105 3103 1181 3152 nam
1205 3075 1397 3167 ubicunqne

165 3191 303 3258 litteras
332 3189 449 3256 finales
479 3212 545 3256 -am
570 3209 754 3257 consonans
778 3193 937 3272 quaedam
963 3192 1159 3276 excipiebat,
1184 3193 1317 3259 nomina
1340 3193 1399 3259 illa

162 3299 198 3364 in
225 3297 384 3364 creticum
409 3296 559 3378 exibant,
588 3298 641 3364 cui
664 3298 755 3364 locus
778 3300 878 3365 heroo
900 3299 934 3364 in
958 3319 1057 3366 versu
1080 3319 1145 3366 non
1176 3307 1260 3366 est..
1285 3301 1398 3383 itaque

165 3423 281 3472 omnes
304 3413 437 3486 poetae,
470 3405 572 3472 etiam
594 3405 644 3471 illi
669 3406 723 3487 qni
747 3406 1034 3473 terminationibus
1059 3407 1210 3490 Graecis,
1241 3416 1396 3489 qnantum

165 3516 342 3595 poterant,
374 3512 604 3594 abstinebant,
636 3513 699 3578 hac
730 3513 761 3579 in
795 3533 831 3580 re
862 3521 990 3579 tantum
1021 3514 1085 3580 sibi
1108 3513 1329 3596 indulserunt,
1362 3521 1400 3581 nt

166 3619 281 3686 unllo
311 3618 382 3684 loco
413 3625 550 3701 excepto
581 3620 642 3685 hoc
666 3619 698 3684 in
724 3639 804 3686 casn
829 3619 981 3687 faciendo
1006 3620 1151 3688 Graecos
1175 3622 1397 3690 imitarentur.

260 3725 386 3792 Eadem
409 3725 611 3792 necessitate
634 3726 731 3792 metri
755 3734 790 3793 et
812 3729 839 3793 -i
862 3728 1007 3794 vocalem
1029 3729 1176 3812 genetivi
1199 3749 1271 3795 cum
1292 3729 1399 3797 vocali

167 3852 256 3917 qnae
288 3833 457 3899 antecedit
492 3856 508 3900 e
540 3836 737 3901 contrahere
768 3835 802 3900 in
840 3854 937 3902 unam
976 3837 1137 3920 syllabam
1170 3843 1204 3902 et
1235 3837 1397 3903 Graecam

167 3943 309 4008 formam
340 3939 446 4007 dativi
476 3960 539 4008 non
571 3943 748 4025 repudiare
781 3943 888 4009 coacti
912 3950 999 4011 sunt.
1046 3964 1084 4010 eo
1109 3945 1215 4011 minus
1239 3945 1399 4011 credibile

169 4055 223 4116 est
246 4056 366 4130 poetas
390 4048 456 4114 ullo
480 4049 552 4115 loco
580 4049 828 4118 declinationem
852 4051 906 4118 vel
926 4051 1227 4133 pronuntiationem
1244 4051 1400 4118 Latinam

169 4157 287 4222 horum
311 4155 474 4222 nominum
498 4157 701 4241 postulasse,
726 4162 763 4224 ut
787 4157 910 4225 Birtius
936 4161 1120 4240 contendit,
1150 4178 1220 4225 com
1245 4165 1341 4224 tanto
1364 4161 1398 4226 in

265 4333 284 4402 ¹)
303 4332 356 4387 (lic.
377 4331 487 4388 Tuscul.
505 4332 521 4387 I
540 4333 581 4389 15.

264 4423 284 4492 ¹)
304 4423 358 4478 Cic.
378 4422 413 4476 ad
432 4423 491 4476 Ata.
506 4421 595 4476 v113
620 4421 707 4478 ‘venio
726 4423 762 4478 od
781 4423 910 4494 Piraeeo,
933 4425 965 4478 in
988 4441 1041 4494 quo
1054 4425 1151 4495 'mapa's
1169 4425 1400 4494 reprehendendos

169 4527 242 4580 mm,
261 4511 333 4581 quood
350 4511 428 4566 bomo
441 4511 584 4566 &munos
597 4512 712 4567 Piraeea
728 4515 882 4582 scripserim
900 4530 955 4568 oon
968 4514 1099 4569 Piraeum
1117 4545 1150 4553 -
1170 4495 1210 4568 εἷο
1228 4515 1298 4568 arian
1311 4531 1401 4568 manea

171 4602 264 4656 nostri
282 4601 366 4655 locati
383 4605 448 4656 aaut
466 4629 500 4640 -
520 4645 525 4656 .
547 4645 553 4656 .
575 4600 597 4657 .’.

1261 4709 1294 4763 4*
