3452 5316
664 1273 817 1368 Caput
844 1275 871 1350 Ι.

151 1434 207 1500 De
240 1433 431 1499 nominum
466 1434 713 1516 Graecorum,
750 1452 848 1514 quae
881 1435 983 1516 apud
1015 1441 1155 1515 poetas
1187 1434 1380 1501 Romanos

535 1540 806 1624 inveniuntur,
831 1559 998 1607 numero.

733 1685 806 1764 51.

374 1793 429 1858 De
452 1791 687 1858 nominativi
713 1797 750 1857 et
772 1791 950 1860 vocativi
976 1791 1160 1878 formis1).

246 1919 274 1980 l.
305 1917 461 1999 Nomina,
491 1935 627 1998 quorum
655 1915 878 1984 nominativus
903 1917 1050 1982 Graecus
1078 1941 1131 1993 -ος
1153 1918 1208 1984 vel
1229 1941 1283 1983 -ov
1311 1918 1380 2002 syl·

151 2025 231 2090 laha
247 2023 454 2116 terminatur,
478 2026 566 2106 apud
583 2029 697 2106 poetas
713 2023 852 2090 Latinos
869 2025 922 2091 vel
939 2025 1100 2091 Graecam
1116 2025 1380 2091 terminationem

152 2138 290 2198 servant
312 2131 365 2198 vcl
388 2131 544 2196 Latinam
569 2153 624 2198 -ns
647 2130 701 2197 vel
725 2153 793 2196 -nnr
817 2130 1019 2218 adhihent2).

752 2275 781 2321 a.

246 2361 467 2448 Grattius³)
496 2363 616 2443 ubique
640 2363 762 2428 Latina
791 2363 898 2428 forma
922 2383 999 2428 usus
1024 2370 1082 2444 est,
1113 2382 1184 2429 cum
1209 2363 1382 2445 scripserit

153 2470 300 2536 Ancaeus
317 2472 358 2535 67
382 2471 509 2537 Aeorns
528 2471 590 2536 183
613 2469 781 2537 Maenalus
799 2471 862 2536 100
886 2469 1003 2537 Medus
1025 2471 1088 2536 155
1116 2471 1287 2538 Thessalus
1303 2473 1378 2537 502.

245 2703 342 2785 Apud
376 2703 617 2784 hlanilium4)
653 2599 836 2770 invenimus
868 2703 1013 2770 Graecos
1048 2703 1268 2771 nominativos
1302 2704 1379 2770 hos:

153 2811 399 2878 ernestone
424 2811 498 2890 (GL
521 2811 597 2896 ·ns),
622 2811 650 2878 V
674 2811 739 2876 694
780 2811 900 2894 Cypros
923 2811 969 2878 IV
994 2811 1059 2915 635Ι
1097 2811 1216 2894 Epiros
1243 2812 1290 2878 IV
1314 2810 1380 2876 690

154 2939 366 2948 ..-..----

247 3008 265 3078 ι)
285 3007 386 3074 Neue,
406 3007 597 3061 Formenlehre
611 3005 658 3060 der
672 3006 853 3061 lateinischeu
867 3005 992 3074 Sprache,
1011 3007 1035 3062 3.
1045 3005 1115 3060 Anii.
1129 3021 1182 3060 von
1196 3007 1223 3060 C.
1233 3005 1381 3075 Wagener,

152 3099 268 3167 Leipzig
289 3097 366 3164 1902,
386 3096 424 3149 1⁸
442 3111 467 3164 p.
481 3096 516 3149 48
527 3111 582 3162 sqq.
603 3126 636 3134 -
661 3094 855 3164 Sniehotta,
875 3095 891 3149 l.
906 3112 927 3149 c.
952 3112 977 3162 p.
991 3095 1074 3161 seqq.
1094 3125 1128 3134 -
1152 3095 1320 3162 Bednare,
1340 3095 1381 3149 De

151 3203 277 3243 sermone
296 3186 496 3254 dactylicarum
516 3186 678 3239 Latinorum
696 3187 880 3254 quaestiones,
906 3185 1007 3238 Archiv
1025 3183 1073 3238 fdr
1086 3185 1147 3238 Lat.
1164 3183 1381 3253 Lexikographie

150 3277 220 3334 XIV
238 3293 262 3345 p.
276 3277 329 3331 356
354 3277 394 3345 (in
413 3275 609 3330 dissertatione
628 3291 748 3329 seorsum
768 3275 840 3343 apud
859 3275 1031 3328 Teubnerum
1051 3289 1181 3342 expressa
1199 3290 1224 3342 p.
1238 3273 1292 3344 44).

244 3366 264 3434 ¹)
284 3365 317 3419 In
340 3365 496 3419 nominibus
515 3364 690 3433 appellativis
713 3364 850 3432 permulta
869 3368 947 3432 sunt,
973 3379 1042 3429 quae
1067 3378 1171 3431 semper
1191 3363 1307 3416 Latinas
1326 3367 1382 3416 ter·

150 3455 319 3510 minutiones
337 3454 477 3523 praebent,
496 3455 561 3520 qnia
579 3454 659 3522 plane
678 3454 706 3507 in
726 3455 911 3508 Romanorum
930 3468 1080 3507 sermonem
1099 3453 1279 3507 transierunt.
1309 3452 1383 3518 Quo·

150 3561 215 3600 rum
233 3561 274 3613 es,
293 3559 362 3611 quae
381 3545 489 3611 saepius
508 3548 537 3598 et
554 3543 626 3612 apud
640 3559 733 3598 omnes
751 3544 810 3598 fere
820 3548 916 3611 poetas
936 3543 1122 3610 inveniuntur,
1141 3557 1196 3596 non
1216 3541 1382 3611 singillatim

151 3634 247 3690 attuli.
284 3634 317 3688 In
336 3634 378 3688 his
398 3633 552 3688 nominibus
571 3635 729 3688 numeravi:

245 3723 378 3778 bardanes
402 3723 523 3780 colonen
549 3724 645 3778 morus
664 3721 793 3778 cinaedus
817 3724 905 3777 eirene
929 3721 1100 3777 citiurroedns
1124 3721 1265 3776 contaedere
1282 3735 1382 3791 cymas

152 3814 268 3883 ephebus
298 3814 435 3868 manchus
466 3829 546 3868 eurus
573 3813 690 3884 sepinas
721 3813 808 3883 sapae
836 3811 1031 3884 praemonens
1060 3828 1146 3882 pyrus
1176 3809 1382 3866 mntlnrnntiens

151 3905 253 3958 mimus
282 3904 405 3958 moechus
431 3907 537 3972 nrprtns
569 3907 650 3957 notan
682 3917 797 3957 oceanus
823 3901 999 3972 poedopopns
1025 3903 1211 3969 pantomimus
1237 3901 1382 3968 peronius

147 3992 258 4062 pardus
272 3991 452 4060 philosophus
469 3993 605 4060 platanus
619 3992 703 4060 polus
717 3997 820 4060 pontus
839 3990 978 4045 scaenicus
996 3990 1112 4061 scyphus
1130 3990 1211 4044 stilus
1229 3988 1383 4044 swmnehne

153 4088 253 4137 taurus
272 4087 352 4136 raon
377 4083 514 4137 malumus
533 4083 676 4137 messurus
694 4081 803 4152 thyrsus
823 4081 942 4152 tropicus
971 4080 1115 4150 trapoedne
1135 4085 1229 4150 tropaea
1249 4085 1383 4148 tyrannus

154 4171 290 4242 zephyrus
308 4202 342 4211 -
361 4177 472 4226 ontrnrn
484 4178 588 4226 minem
600 4173 775 4242 pymnasinm
793 4172 931 4226 metallum
946 4171 1080 4238 plectrunt
1093 4176 1225 4237 sceptrum
1239 4170 1381 4222 theotrnrn.

244 4261 266 4331 3)
284 4261 405 4317 Adhibui
423 4263 566 4329 editiones,
585 4277 654 4329 quas
672 4263 800 4316 iecerunt
818 4261 1003 4328 Baehrens,
1023 4261 1125 4314 Poetae
1146 4260 1240 4312 Latini
1264 4259 1383 4312 minores

153 4351 169 4408 1
187 4367 214 4420 p.
224 4352 268 4420 31,
293 4353 403 4420 Lipsiae
421 4351 667 4422 MDCCCLXXIX,
693 4356 722 4405 et
740 4351 866 4406 Gaetano
885 4351 1018 4418 cureio,
1043 4350 1122 4404 Poeti
1142 4349 1224 4402 latini
1242 4349 1343 4402 minori
1361 4347 1383 4415 1,

153 4440 280 4496 Aeiresle
301 4441 377 4496 1902.

245 4531 266 4599 ⁴)
292 4531 363 4586 Usus
388 4546 449 4585 sum
472 4531 639 4586 editionibus
665 4531 798 4585 Frideriei
822 4530 938 4598 iacob,
964 4528 1087 4583 Berolini
1106 4526 1329 4596 mucccxnvl,
1355 4530 1385 4580 et
1455 4527 1456 4530 ’

153 4619 291 4674 Theodori
310 4621 459 4688 Breiter,
480 4621 588 4688 Lipsiae
609 4620 811 4675 thl'('CCVII.

1247 4725 1275 4776 l*
