<?xml version="1.0" encoding="UTF-8"?>
<!DOCTYPE html PUBLIC "-//W3C//DTD XHTML 1.0 Transitional//EN"
    "http://www.w3.org/TR/xhtml1/DTD/xhtml1-transitional.dtd">
<html xmlns="http://www.w3.org/1999/xhtml" xml:lang="en" lang="en">
 <head>
  <title>
</title>
<meta http-equiv="Content-Type" content="text/html;charset=utf-8" />
  <meta name='ocr-system' content='tesseract 3.04.00' />
  <meta name='ocr-capabilities' content='ocr_page ocr_carea ocr_par ocr_line ocrx_word'/>
</head>
<body>
  <div class='ocr_page' id='page_1' title='image "./deviatqueindole00cohngoog/deviatqueindole00cohngoog_0125.png"; bbox 0 0 3496 5310; ppageno 0'>
   <div class='ocr_carea' id='block_1_1' title="bbox 929 414 975 480">
    <p class='ocr_par' dir='ltr' id='par_1_1' title="bbox 929 414 975 480">
     <span class='ocr_line' id='line_1_1' title="bbox 929 414 975 480; baseline 0 0"><span class='ocrx_word' id='word_1_1' title='bbox 929 414 975 480; x_wconf 76' lang='lat'>20</span> 
     </span>
    </p>
   </div>
   <div class='ocr_carea' id='block_1_2' title="bbox 335 625 1570 1792">
    <p class='ocr_par' dir='ltr' id='par_1_2' title="bbox 335 625 1570 1792">
     <span class='ocr_line' id='line_1_2' title="bbox 338 625 1565 716; baseline -0.001 -16"><span class='ocrx_word' id='word_1_2' title='bbox 338 632 481 716; x_wconf 84' lang='lat' dir='ltr'>quinque</span> <span class='ocrx_word' id='word_1_3' title='bbox 510 631 592 699; x_wconf 87' lang='lat' dir='ltr'>loeis</span> <span class='ocrx_word' id='word_1_4' title='bbox 622 650 693 698; x_wconf 92' lang='lat' dir='ltr'>eum</span> <span class='ocrx_word' id='word_1_5' title='bbox 722 629 888 696; x_wconf 83' lang='lat' dir='ltr'>adhibuit:</span> <span class='ocrx_word' id='word_1_6' title='bbox 921 629 1046 714; x_wconf 81' lang='lat' dir='ltr'>(lytotes</span> <span class='ocrx_word' id='word_1_7' title='bbox 1070 627 1136 713; x_wconf 87' lang='grc'><strong>(63.</strong></span> <span class='ocrx_word' id='word_1_8' title='bbox 1155 626 1256 713; x_wconf 65' lang='lat'>1268)</span> <span class='ocrx_word' id='word_1_9' title='bbox 1281 627 1416 712; x_wconf 80' lang='lat' dir='ltr'>Oybehes</span> <span class='ocrx_word' id='word_1_10' title='bbox 1439 625 1505 710; x_wconf 83' lang='lat'><strong>(63.</strong></span> <span class='ocrx_word' id='word_1_11' title='bbox 1522 643 1565 699; x_wconf 82' lang='lat' dir='ltr'>ab.</span> 
     </span>
     <span class='ocr_line' id='line_1_3' title="bbox 336 733 1567 827; baseline -0.006 -20"><span class='ocrx_word' id='word_1_12' title='bbox 336 740 385 827; x_wconf 81' lang='lat'>35)</span> <span class='ocrx_word' id='word_1_13' title='bbox 419 741 572 807; x_wconf 73' lang='lat' dir='ltr'>Arsinoes</span> <span class='ocrx_word' id='word_1_14' title='bbox 605 737 676 823; x_wconf 86' lang='grc'><strong>(66.</strong></span> <span class='ocrx_word' id='word_1_15' title='bbox 694 737 760 822; x_wconf 82' lang='lat'>54),</span> <span class='ocrx_word' id='word_1_16' title='bbox 805 737 1000 802; x_wconf 83' lang='lat' dir='ltr'>Horatius</span> <span class='ocrx_word' id='word_1_17' title='bbox 1039 754 1103 802; x_wconf 92' lang='lat' dir='ltr'>uuo</span> <span class='ocrx_word' id='word_1_18' title='bbox 1143 743 1272 802; x_wconf 88' lang='lat' dir='ltr'>tautum</span> <span class='ocrx_word' id='word_1_19' title='bbox 1311 734 1382 800; x_wconf 89' lang='lat' dir='ltr'>looo</span> <span class='ocrx_word' id='word_1_20' title='bbox 1421 733 1567 800; x_wconf 81' lang='lat' dir='ltr'>Graecos</span> 
     </span>
     <span class='ocr_line' id='line_1_4' title="bbox 336 841 1567 930; baseline -0.006 -16"><span class='ocrx_word' id='word_1_21' title='bbox 336 849 486 914; x_wconf 87' lang='lat' dir='ltr'>imitatus</span> <span class='ocrx_word' id='word_1_22' title='bbox 510 847 641 914; x_wconf 80' lang='lat' dir='ltr'>Snneles</span> <span class='ocrx_word' id='word_1_23' title='bbox 665 845 749 911; x_wconf 86' lang='lat' dir='ltr'>dixit</span> <span class='ocrx_word' id='word_1_24' title='bbox 771 843 813 929; x_wconf 85' lang='lat' dir='ltr'>(a.</span> <span class='ocrx_word' id='word_1_25' title='bbox 836 845 853 909; x_wconf 94' lang='lat' dir='ltr'><strong>I</strong></span> <span class='ocrx_word' id='word_1_26' title='bbox 879 846 930 912; x_wconf 87' lang='lat'>19.</span> <span class='ocrx_word' id='word_1_27' title='bbox 942 843 981 930; x_wconf 83' lang='lat' dir='ltr'>a),</span> <span class='ocrx_word' id='word_1_28' title='bbox 1007 845 1091 925; x_wconf 88' lang='lat' dir='ltr'>quod</span> <span class='ocrx_word' id='word_1_29' title='bbox 1108 843 1208 909; x_wconf 89' lang='lat' dir='ltr'>etiam</span> <span class='ocrx_word' id='word_1_30' title='bbox 1226 842 1314 925; x_wconf 91' lang='lat' dir='ltr'>apud</span> <span class='ocrx_word' id='word_1_31' title='bbox 1330 841 1567 926; x_wconf 82' lang='lat' dir='ltr'><strong>Lygdamum</strong></span> 
     </span>
     <span class='ocr_line' id='line_1_5' title="bbox 336 949 1566 1040; baseline -0.006 -19"><span class='ocrx_word' id='word_1_32' title='bbox 336 956 392 1038; x_wconf 88' lang='lat' dir='ltr'>qui</span> <span class='ocrx_word' id='word_1_33' title='bbox 416 955 537 1022; x_wconf 88' lang='lat' dir='ltr'>dieitur</span> <span class='ocrx_word' id='word_1_34' title='bbox 561 953 702 1040; x_wconf 81' lang='lat' dir='ltr'>(Tibulli</span> <span class='ocrx_word' id='word_1_35' title='bbox 725 952 781 1018; x_wconf 91' lang='lat' dir='ltr'>lib.</span> <span class='ocrx_word' id='word_1_36' title='bbox 805 952 859 1018; x_wconf 96' lang='lat' dir='ltr'>III</span> <span class='ocrx_word' id='word_1_37' title='bbox 882 953 912 1017; x_wconf 89' lang='grc'>4.</span> <span class='ocrx_word' id='word_1_38' title='bbox 929 952 963 1034; x_wconf 82' lang='lat'>5)</span> <span class='ocrx_word' id='word_1_39' title='bbox 994 951 1123 1018; x_wconf 90' lang='lat' dir='ltr'>obvium</span> <span class='ocrx_word' id='word_1_40' title='bbox 1153 957 1215 1017; x_wconf 91' lang='lat' dir='ltr'>est.</span> <span class='ocrx_word' id='word_1_41' title='bbox 1262 951 1295 1016; x_wconf 92' lang='lat' dir='ltr'>iu</span> <span class='ocrx_word' id='word_1_42' title='bbox 1324 949 1566 1033; x_wconf 82' lang='lat' dir='ltr'>panegyrico</span> 
     </span>
     <span class='ocr_line' id='line_1_6' title="bbox 335 1057 1566 1139; baseline -0.006 -9"><span class='ocrx_word' id='word_1_43' title='bbox 335 1061 549 1130; x_wconf 82' lang='lat' dir='ltr'><strong>Messallae</strong></span> <span class='ocrx_word' id='word_1_44' title='bbox 583 1059 689 1128; x_wconf 79' lang='lat' dir='ltr'>Circes</span> <span class='ocrx_word' id='word_1_45' title='bbox 719 1059 904 1126; x_wconf 86' lang='lat' dir='ltr'>invenimus</span> <span class='ocrx_word' id='word_1_46' title='bbox 936 1058 969 1124; x_wconf 93' lang='lat' dir='ltr'>iu</span> <span class='ocrx_word' id='word_1_47' title='bbox 1002 1077 1101 1125; x_wconf 88' lang='lat' dir='ltr'>versu</span> <span class='ocrx_word' id='word_1_48' title='bbox 1131 1060 1184 1125; x_wconf 87' lang='grc'>61.</span> <span class='ocrx_word' id='word_1_49' title='bbox 1236 1057 1366 1124; x_wconf 82' lang='lat' dir='ltr'>codices</span> <span class='ocrx_word' id='word_1_50' title='bbox 1397 1057 1566 1139; x_wconf 90' lang='lat' dir='ltr'>Proper·</span> 
     </span>
     <span class='ocr_line' id='line_1_7' title="bbox 337 1163 1569 1253; baseline -0.003 -17"><span class='ocrx_word' id='word_1_51' title='bbox 337 1170 438 1236; x_wconf 90' lang='lat' dir='ltr'>tiani</span> <span class='ocrx_word' id='word_1_52' title='bbox 469 1169 632 1253; x_wconf 88' lang='lat' dir='ltr'>praebent</span> <span class='ocrx_word' id='word_1_53' title='bbox 663 1167 771 1234; x_wconf 83' lang='lat' dir='ltr'>Helles</span> <span class='ocrx_word' id='word_1_54' title='bbox 805 1167 992 1250; x_wconf 84' lang='lat' dir='ltr'>Tisiphones</span> <span class='ocrx_word' id='word_1_55' title='bbox 1021 1166 1199 1248; x_wconf 79' lang='lat' dir='ltr'>Lampeties</span> <span class='ocrx_word' id='word_1_56' title='bbox 1226 1166 1394 1249; x_wconf 80' lang='lat' dir='ltr'>Perrehopes</span> <span class='ocrx_word' id='word_1_57' title='bbox 1419 1163 1569 1249; x_wconf 77' lang='lat' dir='ltr'>Gytairtes</span> 
     </span>
     <span class='ocr_line' id='line_1_8' title="bbox 336 1273 1568 1359; baseline -0.004 -15"><span class='ocrx_word' id='word_1_58' title='bbox 336 1279 477 1344; x_wconf 79' lang='lat' dir='ltr'>Erinnes</span> <span class='ocrx_word' id='word_1_59' title='bbox 500 1277 635 1343; x_wconf 86' lang='lat' dir='ltr'>Danaes</span> <span class='ocrx_word' id='word_1_60' title='bbox 660 1274 803 1359; x_wconf 74' lang='lat' dir='ltr'>Cybebes.</span> <span class='ocrx_word' id='word_1_61' title='bbox 855 1274 931 1341; x_wconf 90' lang='lat' dir='ltr'>aliis</span> <span class='ocrx_word' id='word_1_62' title='bbox 954 1273 1036 1340; x_wconf 86' lang='lat' dir='ltr'>loeis</span> <span class='ocrx_word' id='word_1_63' title='bbox 1061 1275 1205 1340; x_wconf 90' lang='lat' dir='ltr'>editores</span> <span class='ocrx_word' id='word_1_64' title='bbox 1229 1296 1281 1340; x_wconf 89' lang='lat' dir='ltr'>-oe</span> <span class='ocrx_word' id='word_1_65' title='bbox 1305 1273 1568 1340; x_wconf 81' lang='lat' dir='ltr'>terminationem</span> 
     </span>
     <span class='ocr_line' id='line_1_9' title="bbox 336 1381 1569 1467; baseline -0.004 -16"><span class='ocrx_word' id='word_1_66' title='bbox 336 1391 520 1467; x_wconf 87' lang='lat' dir='ltr'>posueruut</span> <span class='ocrx_word' id='word_1_67' title='bbox 542 1383 688 1450; x_wconf 81' lang='lat' dir='ltr'>codicum</span> <span class='ocrx_word' id='word_1_68' title='bbox 712 1382 934 1448; x_wconf 90' lang='lat' dir='ltr'>testimouium</span> <span class='ocrx_word' id='word_1_69' title='bbox 959 1382 1075 1463; x_wconf 82' lang='lat' dir='ltr'>secuti,</span> <span class='ocrx_word' id='word_1_70' title='bbox 1100 1383 1185 1463; x_wconf 89' lang='lat' dir='ltr'>quod</span> <span class='ocrx_word' id='word_1_71' title='bbox 1209 1381 1287 1447; x_wconf 93' lang='lat' dir='ltr'>mihi</span> <span class='ocrx_word' id='word_1_72' title='bbox 1311 1382 1418 1448; x_wconf 88' lang='lat' dir='ltr'>minus</span> <span class='ocrx_word' id='word_1_73' title='bbox 1442 1387 1569 1447; x_wconf 86' lang='lat' dir='ltr'>eertum</span> 
     </span>
     <span class='ocr_line' id='line_1_10' title="bbox 336 1487 1568 1573; baseline -0.004 -14"><span class='ocrx_word' id='word_1_74' title='bbox 336 1494 477 1560; x_wconf 86' lang='lat' dir='ltr'>videtur.</span> <span class='ocrx_word' id='word_1_75' title='bbox 526 1493 579 1573; x_wconf 87' lang='lat' dir='ltr'>qui</span> <span class='ocrx_word' id='word_1_76' title='bbox 610 1489 674 1556; x_wconf 89' lang='lat' dir='ltr'>looi</span> <span class='ocrx_word' id='word_1_77' title='bbox 698 1497 791 1557; x_wconf 87' lang='lat' dir='ltr'>suut:</span> <span class='ocrx_word' id='word_1_78' title='bbox 822 1490 840 1555; x_wconf 94' lang='grc' dir='ltr'>Ι</span> <span class='ocrx_word' id='word_1_79' title='bbox 863 1491 893 1555; x_wconf 88' lang='grc'>4.</span> <span class='ocrx_word' id='word_1_80' title='bbox 914 1507 932 1560; x_wconf 80' lang='lat' dir='ltr'>t</span> <span class='ocrx_word' id='word_1_81' title='bbox 956 1491 1111 1572; x_wconf 80' lang='lat' dir='ltr'>Antiopae</span> <span class='ocrx_word' id='word_1_82' title='bbox 1140 1487 1287 1573; x_wconf 88' lang='lat' dir='ltr'>(Antiope</span> <span class='ocrx_word' id='word_1_83' title='bbox 1311 1507 1423 1555; x_wconf 89' lang='lat' dir='ltr'>omues</span> <span class='ocrx_word' id='word_1_84' title='bbox 1448 1489 1568 1572; x_wconf 80' lang='lat' dir='ltr'>codd),</span> 
     </span>
     <span class='ocr_line' id='line_1_11' title="bbox 336 1596 1570 1684; baseline -0.002 -18"><span class='ocrx_word' id='word_1_85' title='bbox 336 1600 353 1666; x_wconf 96' lang='lat' dir='ltr'><strong>I</strong></span> <span class='ocrx_word' id='word_1_86' title='bbox 377 1601 408 1668; x_wconf 85' lang='lat'>4.</span> <span class='ocrx_word' id='word_1_87' title='bbox 428 1617 446 1671; x_wconf 84' lang='lat'>6</span> <span class='ocrx_word' id='word_1_88' title='bbox 476 1599 670 1666; x_wconf 84' lang='lat' dir='ltr'>Hermionae</span> <span class='ocrx_word' id='word_1_89' title='bbox 692 1598 862 1683; x_wconf 85' lang='lat' dir='ltr'>(hermione</span> <span class='ocrx_word' id='word_1_90' title='bbox 886 1597 1004 1682; x_wconf 85' lang='lat' dir='ltr'>AFN),</span> <span class='ocrx_word' id='word_1_91' title='bbox 1035 1597 1071 1663; x_wconf 90' lang='lat' dir='ltr'>II</span> <span class='ocrx_word' id='word_1_92' title='bbox 1094 1598 1124 1663; x_wconf 89' lang='grc'>8.</span> <span class='ocrx_word' id='word_1_93' title='bbox 1143 1614 1176 1667; x_wconf 86' lang='lat'>21</span> <span class='ocrx_word' id='word_1_94' title='bbox 1207 1598 1384 1682; x_wconf 83' lang='lat' dir='ltr'>Antiyonae</span> <span class='ocrx_word' id='word_1_95' title='bbox 1403 1596 1570 1684; x_wconf 78' lang='lat' dir='ltr'>(Antiyone</span> 
     </span>
     <span class='ocr_line' id='line_1_12' title="bbox 338 1704 1568 1792; baseline -0.003 -18"><span class='ocrx_word' id='word_1_96' title='bbox 338 1725 449 1774; x_wconf 89' lang='lat' dir='ltr'>omues</span> <span class='ocrx_word' id='word_1_97' title='bbox 481 1707 603 1792; x_wconf 81' lang='lat' dir='ltr'>codd),</span> <span class='ocrx_word' id='word_1_98' title='bbox 636 1706 670 1773; x_wconf 96' lang='lat' dir='ltr'>II</span> <span class='ocrx_word' id='word_1_99' title='bbox 694 1707 746 1772; x_wconf 81' lang='lat'>22.</span> <span class='ocrx_word' id='word_1_100' title='bbox 763 1722 798 1777; x_wconf 88' lang='grc'>31</span> <span class='ocrx_word' id='word_1_101' title='bbox 831 1705 1070 1772; x_wconf 65' lang='lat' dir='ltr'>Andromachae</span> <span class='ocrx_word' id='word_1_102' title='bbox 1096 1704 1318 1791; x_wconf 88' lang='lat' dir='ltr'>(andromaoae</span> <span class='ocrx_word' id='word_1_103' title='bbox 1340 1724 1452 1770; x_wconf 90' lang='lat' dir='ltr'>omues</span> <span class='ocrx_word' id='word_1_104' title='bbox 1476 1705 1568 1772; x_wconf 89' lang='lat' dir='ltr'>eodd.</span> 
     </span>
    </p>
   </div>
   <div class='ocr_carea' id='block_1_3' title="bbox 247 1812 1570 1899">
    <p class='ocr_par' dir='ltr' id='par_1_3' title="bbox 247 1812 1570 1899">
     <span class='ocr_line' id='line_1_13' title="bbox 247 1812 1570 1899; baseline -0.002 -19"><span class='ocrx_word' id='word_1_105' title='bbox 247 1887 250 1892; x_wconf 21' lang='lat'><strong>⁴</strong></span> <span class='ocrx_word' id='word_1_106' title='bbox 337 1823 472 1899; x_wconf 82' lang='lat' dir='ltr'>praeter</span> <span class='ocrx_word' id='word_1_107' title='bbox 494 1817 682 1883; x_wconf 82' lang='lat' dir='ltr'>androntoee</span> <span class='ocrx_word' id='word_1_108' title='bbox 707 1812 761 1897; x_wconf 79' lang='lat' dir='ltr'>F),</span> <span class='ocrx_word' id='word_1_109' title='bbox 793 1813 828 1879; x_wconf 95' lang='lat' dir='ltr'>II</span> <span class='ocrx_word' id='word_1_110' title='bbox 853 1814 906 1880; x_wconf 83' lang='lat'>28.</span> <span class='ocrx_word' id='word_1_111' title='bbox 924 1829 959 1883; x_wconf 84' lang='grc'>48</span> <span class='ocrx_word' id='word_1_112' title='bbox 983 1814 1200 1896; x_wconf 74' lang='lat' dir='ltr'>Persephonae</span> <span class='ocrx_word' id='word_1_113' title='bbox 1229 1813 1436 1896; x_wconf 76' lang='lat' dir='ltr'>(Persephone</span> <span class='ocrx_word' id='word_1_114' title='bbox 1459 1831 1570 1880; x_wconf 90' lang='lat' dir='ltr'>omues</span> 
     </span>
    </p>
   </div>
   <div class='ocr_carea' id='block_1_4' title="bbox 336 1918 1575 4586">
    <p class='ocr_par' dir='ltr' id='par_1_4' title="bbox 336 1918 1571 3386">
     <span class='ocr_line' id='line_1_14' title="bbox 336 1918 1569 2006; baseline -0.001 -19"><span class='ocrx_word' id='word_1_115' title='bbox 336 1923 444 2006; x_wconf 87' lang='lat' dir='ltr'>aodd.,</span> <span class='ocrx_word' id='word_1_116' title='bbox 483 1944 536 1988; x_wconf 87' lang='lat' dir='ltr'>-oe</span> <span class='ocrx_word' id='word_1_117' title='bbox 572 1941 655 1988; x_wconf 87' lang='lat' dir='ltr'>corr.</span> <span class='ocrx_word' id='word_1_118' title='bbox 690 1920 801 2006; x_wconf 67' lang='lat' dir='ltr'>le),</span> <span class='ocrx_word' id='word_1_119' title='bbox 837 1920 891 1986; x_wconf 91' lang='grc' dir='ltr'>ΙΙΙ</span> <span class='ocrx_word' id='word_1_120' title='bbox 918 1921 968 1986; x_wconf 86' lang='lat'>12.</span> <span class='ocrx_word' id='word_1_121' title='bbox 985 1936 1020 1989; x_wconf 78' lang='lat' dir='ltr'>rt</span> <span class='ocrx_word' id='word_1_122' title='bbox 1054 1919 1164 1986; x_wconf 79' lang='lat' dir='ltr'>Circae</span> <span class='ocrx_word' id='word_1_123' title='bbox 1194 1918 1291 2005; x_wconf 73' lang='lat' dir='ltr'>(arae</span> <span class='ocrx_word' id='word_1_124' title='bbox 1321 1938 1433 1985; x_wconf 90' lang='lat' dir='ltr'>omues</span> <span class='ocrx_word' id='word_1_125' title='bbox 1463 1920 1569 2001; x_wconf 83' lang='lat' dir='ltr'>codd,</span> 
     </span>
     <span class='ocr_line' id='line_1_15' title="bbox 338 2026 1570 2114; baseline -0.002 -18"><span class='ocrx_word' id='word_1_126' title='bbox 338 2053 426 2096; x_wconf 84' lang='lat' dir='ltr'>-erne</span> <span class='ocrx_word' id='word_1_127' title='bbox 458 2028 544 2111; x_wconf 81' lang='lat' dir='ltr'>Pm1,</span> <span class='ocrx_word' id='word_1_128' title='bbox 575 2049 664 2112; x_wconf 78' lang='lat' dir='ltr'>syroe</span> <span class='ocrx_word' id='word_1_129' title='bbox 695 2026 800 2114; x_wconf 59' lang='lat' dir='ltr'>Vtut).</span> <span class='ocrx_word' id='word_1_130' title='bbox 848 2036 884 2092; x_wconf 88' lang='lat' dir='ltr'>at</span> <span class='ocrx_word' id='word_1_131' title='bbox 915 2026 968 2093; x_wconf 90' lang='lat' dir='ltr'>HI</span> <span class='ocrx_word' id='word_1_132' title='bbox 995 2027 1044 2092; x_wconf 79' lang='lat'>12.</span> <span class='ocrx_word' id='word_1_133' title='bbox 1062 2043 1097 2098; x_wconf 81' lang='lat'>38</span> <span class='ocrx_word' id='word_1_134' title='bbox 1126 2026 1256 2092; x_wconf 80' lang='lat' dir='ltr'>codices</span> <span class='ocrx_word' id='word_1_135' title='bbox 1285 2028 1449 2109; x_wconf 83' lang='lat' dir='ltr'>praebent</span> <span class='ocrx_word' id='word_1_136' title='bbox 1472 2028 1570 2094; x_wconf 86' lang='lat' dir='ltr'>Pene-</span> 
     </span>
     <span class='ocr_line' id='line_1_16' title="bbox 341 2134 1569 2240; baseline -0.002 -37"><span class='ocrx_word' id='word_1_137' title='bbox 341 2139 408 2221; x_wconf 86' lang='lat' dir='ltr'>lope</span> <span class='ocrx_word' id='word_1_138' title='bbox 444 2137 507 2222; x_wconf 77' lang='lat' dir='ltr'>(es</span> <span class='ocrx_word' id='word_1_139' title='bbox 534 2134 644 2221; x_wconf 75' lang='lat' dir='ltr'>Vm²)‚</span> <span class='ocrx_word' id='word_1_140' title='bbox 686 2135 742 2200; x_wconf 94' lang='lat' dir='ltr'>ubi</span> <span class='ocrx_word' id='word_1_141' title='bbox 777 2134 876 2201; x_wconf 90' lang='lat' dir='ltr'>metri</span> <span class='ocrx_word' id='word_1_142' title='bbox 912 2153 1012 2200; x_wconf 86' lang='lat' dir='ltr'>eausa</span> <span class='ocrx_word' id='word_1_143' title='bbox 1047 2135 1155 2201; x_wconf 87' lang='lat' dir='ltr'>forma</span> <span class='ocrx_word' id='word_1_144' title='bbox 1190 2135 1357 2217; x_wconf 73' lang='lat' dir='ltr'>Penelopes</span> <span class='ocrx_word' id='word_1_145' title='bbox 1368 2154 1472 2240; x_wconf 46' lang='lat' dir='ltr'>lopus</span> <span class='ocrx_word' id='word_1_146' title='bbox 1505 2141 1569 2218; x_wconf 88' lang='lat' dir='ltr'>est,</span> 
     </span>
     <span class='ocr_line' id='line_1_17' title="bbox 338 2241 1372 2326; baseline -0.003 -14"><span class='ocrx_word' id='word_1_147' title='bbox 338 2247 518 2326; x_wconf 88' lang='lat' dir='ltr'>eodemque</span> <span class='ocrx_word' id='word_1_148' title='bbox 542 2243 637 2310; x_wconf 91' lang='lat' dir='ltr'>modo</span> <span class='ocrx_word' id='word_1_149' title='bbox 662 2248 779 2309; x_wconf 86' lang='lat' dir='ltr'>eontra</span> <span class='ocrx_word' id='word_1_150' title='bbox 802 2241 901 2308; x_wconf 90' lang='lat' dir='ltr'>metri</span> <span class='ocrx_word' id='word_1_151' title='bbox 924 2242 1084 2308; x_wconf 87' lang='lat' dir='ltr'>rationem</span> <span class='ocrx_word' id='word_1_152' title='bbox 1108 2241 1162 2308; x_wconf 95' lang='lat' dir='ltr'>III</span> <span class='ocrx_word' id='word_1_153' title='bbox 1187 2241 1238 2308; x_wconf 81' lang='lat'>12.</span> <span class='ocrx_word' id='word_1_154' title='bbox 1255 2257 1305 2313; x_wconf 80' lang='lat'>29:</span> <span class='ocrx_word' id='word_1_155' title='bbox 1371 2293 1372 2296; x_wconf 63' lang='lat'>,</span> 
     </span>
     <span class='ocr_line' id='line_1_18' title="bbox 543 2345 1390 2434; baseline 0 -18"><span class='ocrx_word' id='word_1_156' title='bbox 543 2348 732 2433; x_wconf 87' lang='lat' dir='ltr'>‘Lampeties</span> <span class='ocrx_word' id='word_1_157' title='bbox 753 2350 876 2417; x_wconf 84' lang='lat' dir='ltr'>Ithaeis</span> <span class='ocrx_word' id='word_1_158' title='bbox 897 2350 1023 2416; x_wconf 71' lang='lat' dir='ltr'>vaihta</span> <span class='ocrx_word' id='word_1_159' title='bbox 1044 2352 1181 2434; x_wconf 85' lang='lat' dir='ltr'>rnnyisse</span> <span class='ocrx_word' id='word_1_160' title='bbox 1203 2345 1390 2417; x_wconf 42' lang='lat' dir='ltr'>iuveneas&amp;</span> 
     </span>
     <span class='ocr_line' id='line_1_19' title="bbox 338 2456 1569 2540; baseline 0 -16"><span class='ocrx_word' id='word_1_161' title='bbox 338 2459 466 2525; x_wconf 73' lang='lat' dir='ltr'>sources</span> <span class='ocrx_word' id='word_1_162' title='bbox 502 2459 653 2524; x_wconf 88' lang='lat' dir='ltr'>tradunt:</span> <span class='ocrx_word' id='word_1_163' title='bbox 692 2457 879 2540; x_wconf 80' lang='lat' dir='ltr'>Lanrphotie</span> <span class='ocrx_word' id='word_1_164' title='bbox 914 2456 943 2522; x_wconf 82' lang='lat' dir='ltr'><strong>F</strong></span> <span class='ocrx_word' id='word_1_165' title='bbox 983 2457 1193 2540; x_wconf 85' lang='lat' dir='ltr'>Larnphatiae</span> <span class='ocrx_word' id='word_1_166' title='bbox 1227 2457 1286 2522; x_wconf 91' lang='lat' dir='ltr'>DV</span> <span class='ocrx_word' id='word_1_167' title='bbox 1322 2457 1509 2540; x_wconf 72' lang='lat' dir='ltr'>Lampethie</span> <span class='ocrx_word' id='word_1_168' title='bbox 1539 2458 1569 2524; x_wconf 93' lang='lat' dir='ltr'>N</span> 
     </span>
     <span class='ocr_line' id='line_1_20' title="bbox 338 2564 1570 2649; baseline -0.003 -15"><span class='ocrx_word' id='word_1_169' title='bbox 338 2585 443 2649; x_wconf 87' lang='lat' dir='ltr'>neque</span> <span class='ocrx_word' id='word_1_170' title='bbox 476 2565 656 2632; x_wconf 84' lang='lat' dir='ltr'>verisImile</span> <span class='ocrx_word' id='word_1_171' title='bbox 687 2564 767 2632; x_wconf 93' lang='lat' dir='ltr'>mihi</span> <span class='ocrx_word' id='word_1_172' title='bbox 798 2565 930 2632; x_wconf 88' lang='lat' dir='ltr'>videtur</span> <span class='ocrx_word' id='word_1_173' title='bbox 954 2564 1164 2647; x_wconf 83' lang='lat' dir='ltr'>Propertium</span> <span class='ocrx_word' id='word_1_174' title='bbox 1188 2565 1222 2630; x_wconf 93' lang='lat' dir='ltr'>iu</span> <span class='ocrx_word' id='word_1_175' title='bbox 1250 2564 1331 2631; x_wconf 90' lang='lat' dir='ltr'>XII.</span> <span class='ocrx_word' id='word_1_176' title='bbox 1357 2565 1464 2648; x_wconf 85' lang='lat' dir='ltr'>elegia</span> <span class='ocrx_word' id='word_1_177' title='bbox 1491 2565 1570 2630; x_wconf 85' lang='lat' dir='ltr'>libri</span> 
     </span>
     <span class='ocr_line' id='line_1_21' title="bbox 338 2671 1570 2756; baseline -0.002 -15"><span class='ocrx_word' id='word_1_178' title='bbox 338 2675 433 2742; x_wconf 88' lang='lat' dir='ltr'>tertii</span> <span class='ocrx_word' id='word_1_179' title='bbox 461 2675 630 2756; x_wconf 74' lang='lat' dir='ltr'>Penelopes</span> <span class='ocrx_word' id='word_1_180' title='bbox 660 2673 788 2755; x_wconf 84' lang='lat' dir='ltr'>quidem</span> <span class='ocrx_word' id='word_1_181' title='bbox 819 2672 941 2738; x_wconf 82' lang='lat' dir='ltr'>dixisse</span> <span class='ocrx_word' id='word_1_182' title='bbox 972 2677 1007 2738; x_wconf 91' lang='lat' dir='ltr'>et</span> <span class='ocrx_word' id='word_1_183' title='bbox 1034 2673 1211 2756; x_wconf 82' lang='lat' dir='ltr'>Lampeties</span> <span class='ocrx_word' id='word_1_184' title='bbox 1241 2672 1300 2738; x_wconf 86' lang='lat' dir='ltr'>sed</span> <span class='ocrx_word' id='word_1_185' title='bbox 1326 2671 1436 2740; x_wconf 77' lang='lat' dir='ltr'>Cirtae</span> <span class='ocrx_word' id='word_1_186' title='bbox 1465 2691 1570 2754; x_wconf 87' lang='lat' dir='ltr'>neque</span> 
     </span>
     <span class='ocr_line' id='line_1_22' title="bbox 338 2780 1420 2865; baseline -0.003 -16"><span class='ocrx_word' id='word_1_187' title='bbox 338 2787 458 2865; x_wconf 88' lang='lat' dir='ltr'>putare</span> <span class='ocrx_word' id='word_1_188' title='bbox 481 2799 609 2864; x_wconf 88' lang='lat' dir='ltr'>possum</span> <span class='ocrx_word' id='word_1_189' title='bbox 634 2784 727 2847; x_wconf 83' lang='lat' dir='ltr'>reete</span> <span class='ocrx_word' id='word_1_190' title='bbox 750 2780 907 2847; x_wconf 90' lang='lat' dir='ltr'>traditum</span> <span class='ocrx_word' id='word_1_191' title='bbox 933 2798 1006 2846; x_wconf 88' lang='lat' dir='ltr'>esse</span> <span class='ocrx_word' id='word_1_192' title='bbox 1030 2780 1120 2846; x_wconf 88' lang='lat' dir='ltr'>illum</span> <span class='ocrx_word' id='word_1_193' title='bbox 1145 2799 1275 2847; x_wconf 88' lang='lat' dir='ltr'>versum</span> <span class='ocrx_word' id='word_1_194' title='bbox 1298 2780 1316 2847; x_wconf 95' lang='lat' dir='ltr'><strong>I</strong></span> <span class='ocrx_word' id='word_1_195' title='bbox 1338 2782 1369 2847; x_wconf 89' lang='lat'>4.</span> <span class='ocrx_word' id='word_1_196' title='bbox 1389 2798 1420 2852; x_wconf 81' lang='lat' dir='ltr'>t:</span> 
     </span>
     <span class='ocr_line' id='line_1_23' title="bbox 553 2885 1350 2972; baseline 0.001 -18"><span class='ocrx_word' id='word_1_197' title='bbox 553 2886 598 2954; x_wconf 87' lang='lat' dir='ltr'>‘tn</span> <span class='ocrx_word' id='word_1_198' title='bbox 622 2890 691 2956; x_wconf 85' lang='lat' dir='ltr'>h&#39;eet</span> <span class='ocrx_word' id='word_1_199' title='bbox 713 2889 870 2972; x_wconf 75' lang='lat' dir='ltr'>Antiopae</span> <span class='ocrx_word' id='word_1_200' title='bbox 884 2888 1030 2972; x_wconf 78' lang='lat' dir='ltr'>formam</span> <span class='ocrx_word' id='word_1_201' title='bbox 1053 2889 1223 2972; x_wconf 74' lang='lat' dir='ltr'>Nycteidos</span> <span class='ocrx_word' id='word_1_202' title='bbox 1244 2895 1274 2956; x_wconf 80' lang='lat' dir='ltr'>et</span> <span class='ocrx_word' id='word_1_203' title='bbox 1295 2885 1350 2972; x_wconf 84' lang='lat' dir='ltr'>tn’,</span> 
     </span>
     <span class='ocr_line' id='line_1_24' title="bbox 340 2994 1570 3080; baseline -0.001 -16"><span class='ocrx_word' id='word_1_204' title='bbox 340 3016 404 3080; x_wconf 86' lang='lat' dir='ltr'>quo</span> <span class='ocrx_word' id='word_1_205' title='bbox 427 2997 462 3062; x_wconf 95' lang='lat' dir='ltr'>in</span> <span class='ocrx_word' id='word_1_206' title='bbox 487 3014 586 3063; x_wconf 85' lang='lat' dir='ltr'>versu</span> <span class='ocrx_word' id='word_1_207' title='bbox 609 2997 739 3064; x_wconf 82' lang='lat' dir='ltr'>Graeca</span> <span class='ocrx_word' id='word_1_208' title='bbox 762 2996 901 3062; x_wconf 90' lang='lat' dir='ltr'>nominis</span> <span class='ocrx_word' id='word_1_209' title='bbox 924 2995 1033 3062; x_wconf 87' lang='lat' dir='ltr'>forma</span> <span class='ocrx_word' id='word_1_210' title='bbox 1055 2997 1207 3079; x_wconf 81' lang='lat' dir='ltr'>Antiopes</span> <span class='ocrx_word' id='word_1_211' title='bbox 1235 2996 1276 3061; x_wconf 92' lang='lat' dir='ltr'>ad</span> <span class='ocrx_word' id='word_1_212' title='bbox 1301 2994 1441 3063; x_wconf 87' lang='lat' dir='ltr'>formam</span> <span class='ocrx_word' id='word_1_213' title='bbox 1463 2996 1570 3064; x_wconf 81' lang='lat' dir='ltr'>Grae·</span> 
     </span>
     <span class='ocr_line' id='line_1_25' title="bbox 340 3102 1571 3187; baseline 0 -17"><span class='ocrx_word' id='word_1_214' title='bbox 340 3125 410 3170; x_wconf 85' lang='lat' dir='ltr'>uam</span> <span class='ocrx_word' id='word_1_215' title='bbox 434 3104 603 3187; x_wconf 76' lang='lat' dir='ltr'>Nycteidos</span> <span class='ocrx_word' id='word_1_216' title='bbox 625 3103 726 3170; x_wconf 90' lang='lat' dir='ltr'>multo</span> <span class='ocrx_word' id='word_1_217' title='bbox 750 3103 861 3186; x_wconf 91' lang='lat' dir='ltr'>aptior</span> <span class='ocrx_word' id='word_1_218' title='bbox 885 3109 946 3170; x_wconf 89' lang='lat' dir='ltr'>est.</span> <span class='ocrx_word' id='word_1_219' title='bbox 994 3103 1107 3186; x_wconf 87' lang='lat' dir='ltr'>itaque</span> <span class='ocrx_word' id='word_1_220' title='bbox 1139 3102 1284 3170; x_wconf 85' lang='lat' dir='ltr'>tortasse</span> <span class='ocrx_word' id='word_1_221' title='bbox 1315 3110 1440 3185; x_wconf 86' lang='lat' dir='ltr'>poetae</span> <span class='ocrx_word' id='word_1_222' title='bbox 1466 3102 1571 3186; x_wconf 87' lang='lat' dir='ltr'>ipsius</span> 
     </span>
     <span class='ocr_line' id='line_1_26' title="bbox 340 3210 1570 3294; baseline 0 -16"><span class='ocrx_word' id='word_1_223' title='bbox 340 3231 470 3278; x_wconf 90' lang='lat' dir='ltr'>manum</span> <span class='ocrx_word' id='word_1_224' title='bbox 495 3212 719 3292; x_wconf 70' lang='lat' dir='ltr'>restituemus</span> <span class='ocrx_word' id='word_1_225' title='bbox 746 3211 774 3278; x_wconf 88' lang='lat' dir='ltr'>si</span> <span class='ocrx_word' id='word_1_226' title='bbox 798 3210 879 3277; x_wconf 87' lang='lat' dir='ltr'>locis</span> <span class='ocrx_word' id='word_1_227' title='bbox 903 3229 1005 3294; x_wconf 90' lang='lat' dir='ltr'>supra</span> <span class='ocrx_word' id='word_1_228' title='bbox 1024 3211 1137 3278; x_wconf 84' lang='lat' dir='ltr'>nitatis</span> <span class='ocrx_word' id='word_1_229' title='bbox 1154 3211 1302 3278; x_wconf 82' lang='lat' dir='ltr'>Graecas</span> <span class='ocrx_word' id='word_1_230' title='bbox 1326 3211 1570 3278; x_wconf 85' lang='lat' dir='ltr'>exhibuerimus</span> 
     </span>
     <span class='ocr_line' id='line_1_27' title="bbox 341 3318 476 3386; baseline 0.015 -2"><span class='ocrx_word' id='word_1_231' title='bbox 341 3318 476 3386; x_wconf 85' lang='lat' dir='ltr'>formas.</span> 
     </span>
    </p>

    <p class='ocr_par' dir='ltr' id='par_1_5' title="bbox 341 3425 1573 4048">
     <span class='ocr_line' id='line_1_28' title="bbox 432 3425 1571 3493; baseline 0.001 -1"><span class='ocrx_word' id='word_1_232' title='bbox 432 3425 600 3493; x_wconf 88' lang='lat' dir='ltr'>Ovidius</span> <span class='ocrx_word' id='word_1_233' title='bbox 621 3425 763 3492; x_wconf 88' lang='lat' dir='ltr'>Latinas</span> <span class='ocrx_word' id='word_1_234' title='bbox 786 3425 1035 3492; x_wconf 88' lang='lat' dir='ltr'>terminationes</span> <span class='ocrx_word' id='word_1_235' title='bbox 1059 3427 1141 3492; x_wconf 86' lang='lat' dir='ltr'>haee</span> <span class='ocrx_word' id='word_1_236' title='bbox 1164 3426 1297 3493; x_wconf 86' lang='lat' dir='ltr'>uomina</span> <span class='ocrx_word' id='word_1_237' title='bbox 1324 3425 1483 3493; x_wconf 86' lang='lat' dir='ltr'>invadere</span> <span class='ocrx_word' id='word_1_238' title='bbox 1506 3445 1571 3493; x_wconf 89' lang='lat' dir='ltr'>non</span> 
     </span>
     <span class='ocr_line' id='line_1_29' title="bbox 341 3533 1569 3617; baseline 0.001 -17"><span class='ocrx_word' id='word_1_239' title='bbox 341 3553 458 3617; x_wconf 88' lang='lat' dir='ltr'>passus</span> <span class='ocrx_word' id='word_1_240' title='bbox 500 3541 567 3614; x_wconf 92' lang='lat' dir='ltr'>est,</span> <span class='ocrx_word' id='word_1_241' title='bbox 614 3535 672 3600; x_wconf 89' lang='lat' dir='ltr'>sed</span> <span class='ocrx_word' id='word_1_242' title='bbox 715 3533 865 3600; x_wconf 89' lang='lat' dir='ltr'>omnibus</span> <span class='ocrx_word' id='word_1_243' title='bbox 903 3533 984 3600; x_wconf 87' lang='lat' dir='ltr'>locis</span> <span class='ocrx_word' id='word_1_244' title='bbox 1024 3557 1070 3600; x_wconf 90' lang='lat' dir='ltr'>-es</span> <span class='ocrx_word' id='word_1_245' title='bbox 1105 3533 1369 3601; x_wconf 89' lang='lat' dir='ltr'>terminationem</span> <span class='ocrx_word' id='word_1_246' title='bbox 1405 3534 1569 3602; x_wconf 88' lang='lat' dir='ltr'>adhibuit:</span> 
     </span>
     <span class='ocr_line' id='line_1_30' title="bbox 342 3640 1572 3727; baseline 0.002 -21"><span class='ocrx_word' id='word_1_247' title='bbox 342 3642 554 3724; x_wconf 82' lang='lat' dir='ltr'>Persephones</span> <span class='ocrx_word' id='word_1_248' title='bbox 579 3641 745 3708; x_wconf 84' lang='lat' dir='ltr'>Arachnes</span> <span class='ocrx_word' id='word_1_249' title='bbox 769 3641 848 3727; x_wconf 88' lang='lat' dir='ltr'>(ter)</span> <span class='ocrx_word' id='word_1_250' title='bbox 879 3641 996 3708; x_wconf 88' lang='lat' dir='ltr'>Boebes</span> <span class='ocrx_word' id='word_1_251' title='bbox 1025 3640 1161 3708; x_wconf 82' lang='lat' dir='ltr'>Hecates</span> <span class='ocrx_word' id='word_1_252' title='bbox 1184 3641 1261 3727; x_wconf 88' lang='lat' dir='ltr'>(bis)</span> <span class='ocrx_word' id='word_1_253' title='bbox 1284 3641 1423 3709; x_wconf 87' lang='lat' dir='ltr'>Praenes</span> <span class='ocrx_word' id='word_1_254' title='bbox 1451 3641 1572 3726; x_wconf 84' lang='lat' dir='ltr'>Hyries</span> 
     </span>
     <span class='ocr_line' id='line_1_31' title="bbox 342 3748 1573 3836; baseline 0 -20"><span class='ocrx_word' id='word_1_255' title='bbox 342 3750 511 3832; x_wconf 85' lang='lat' dir='ltr'>Penelopes</span> <span class='ocrx_word' id='word_1_256' title='bbox 539 3749 624 3816; x_wconf 79' lang='lat' dir='ltr'>Ioles</span> <span class='ocrx_word' id='word_1_257' title='bbox 654 3750 790 3815; x_wconf 86' lang='lat' dir='ltr'>Phoebes</span> <span class='ocrx_word' id='word_1_258' title='bbox 819 3748 898 3836; x_wconf 83' lang='lat' dir='ltr'>(ter)</span> <span class='ocrx_word' id='word_1_259' title='bbox 929 3748 1082 3832; x_wconf 89' lang='lat' dir='ltr'>Daphnes</span> <span class='ocrx_word' id='word_1_260' title='bbox 1112 3749 1231 3816; x_wconf 89' lang='lat' dir='ltr'>Herses</span> <span class='ocrx_word' id='word_1_261' title='bbox 1260 3749 1404 3816; x_wconf 75' lang='lat' dir='ltr'>Phiorres</span> <span class='ocrx_word' id='word_1_262' title='bbox 1426 3749 1573 3834; x_wconf 86' lang='lat' dir='ltr'>Panopes</span> 
     </span>
     <span class='ocr_line' id='line_1_32' title="bbox 342 3855 1573 3942; baseline 0.002 -19"><span class='ocrx_word' id='word_1_263' title='bbox 342 3858 474 3924; x_wconf 82' lang='lat' dir='ltr'>Serretes</span> <span class='ocrx_word' id='word_1_264' title='bbox 491 3855 568 3942; x_wconf 81' lang='lat' dir='ltr'>(bis)</span> <span class='ocrx_word' id='word_1_265' title='bbox 595 3857 725 3922; x_wconf 80' lang='lat' dir='ltr'>Thisbes</span> <span class='ocrx_word' id='word_1_266' title='bbox 750 3855 854 3922; x_wconf 79' lang='lat' dir='ltr'>(hrees</span> <span class='ocrx_word' id='word_1_267' title='bbox 870 3855 1020 3940; x_wconf 79' lang='lat' dir='ltr'>(septies)</span> <span class='ocrx_word' id='word_1_268' title='bbox 1039 3856 1239 3940; x_wconf 79' lang='lat' dir='ltr'>Enynonres</span> <span class='ocrx_word' id='word_1_269' title='bbox 1256 3856 1379 3941; x_wconf 80' lang='lat' dir='ltr'>Cyanes</span> <span class='ocrx_word' id='word_1_270' title='bbox 1394 3857 1573 3942; x_wconf 79' lang='lat' dir='ltr'>Eurydices</span> 
     </span>
     <span class='ocr_line' id='line_1_33' title="bbox 343 3962 1196 4048; baseline 0 -18"><span class='ocrx_word' id='word_1_271' title='bbox 343 3963 450 4032; x_wconf 85' lang='lat' dir='ltr'>Hehes</span> <span class='ocrx_word' id='word_1_272' title='bbox 476 3965 615 4031; x_wconf 82' lang='lat' dir='ltr'>Terreses</span> <span class='ocrx_word' id='word_1_273' title='bbox 636 3964 747 4030; x_wconf 87' lang='lat' dir='ltr'>Lethes</span> <span class='ocrx_word' id='word_1_274' title='bbox 769 3962 963 4048; x_wconf 77' lang='lat' dir='ltr'>Hypsipyles</span> <span class='ocrx_word' id='word_1_275' title='bbox 986 3963 1196 4030; x_wconf 76' lang='lat' dir='ltr'>Anaxaretes.</span> 
     </span>
    </p>

    <p class='ocr_par' dir='ltr' id='par_1_6' title="bbox 344 4070 1575 4586">
     <span class='ocr_line' id='line_1_34' title="bbox 432 4070 1571 4154; baseline 0.002 -17"><span class='ocrx_word' id='word_1_276' title='bbox 432 4071 584 4137; x_wconf 85' lang='lat' dir='ltr'>Alieuam</span> <span class='ocrx_word' id='word_1_277' title='bbox 616 4072 657 4137; x_wconf 88' lang='lat' dir='ltr'>ab</span> <span class='ocrx_word' id='word_1_278' title='bbox 683 4070 800 4138; x_wconf 92' lang='lat' dir='ltr'>Ovidio</span> <span class='ocrx_word' id='word_1_279' title='bbox 829 4070 993 4137; x_wconf 89' lang='lat' dir='ltr'>rationem</span> <span class='ocrx_word' id='word_1_280' title='bbox 1017 4071 1224 4154; x_wconf 86' lang='lat' dir='ltr'>Vergilius</span> <span class='ocrx_word' id='word_1_281' title='bbox 1252 4075 1385 4139; x_wconf 78' lang='lat' dir='ltr'>secutus</span> <span class='ocrx_word' id='word_1_282' title='bbox 1409 4090 1571 4154; x_wconf 88' lang='lat' dir='ltr'>uunquam</span> 
     </span>
     <span class='ocr_line' id='line_1_35' title="bbox 344 4177 1572 4263; baseline 0 -17"><span class='ocrx_word' id='word_1_283' title='bbox 344 4201 404 4258; x_wconf 93' lang='lat' dir='ltr'>-es,</span> <span class='ocrx_word' id='word_1_284' title='bbox 437 4197 566 4261; x_wconf 84' lang='lat' dir='ltr'>semper</span> <span class='ocrx_word' id='word_1_285' title='bbox 603 4201 656 4245; x_wconf 91' lang='lat' dir='ltr'>-ae</span> <span class='ocrx_word' id='word_1_286' title='bbox 691 4177 790 4245; x_wconf 88' lang='lat' dir='ltr'>dixit:</span> <span class='ocrx_word' id='word_1_287' title='bbox 829 4178 1068 4245; x_wconf 80' lang='lat' dir='ltr'>Andromachae</span> <span class='ocrx_word' id='word_1_288' title='bbox 1094 4178 1248 4259; x_wconf 78' lang='lat'>111487,</span> <span class='ocrx_word' id='word_1_289' title='bbox 1291 4179 1401 4246; x_wconf 79' lang='lat' dir='ltr'>throne</span> <span class='ocrx_word' id='word_1_290' title='bbox 1425 4179 1481 4246; x_wconf 95' lang='grc' dir='ltr'>ΠΙ</span> <span class='ocrx_word' id='word_1_291' title='bbox 1496 4182 1572 4263; x_wconf 88' lang='grc'>386,</span> 
     </span>
     <span class='ocr_line' id='line_1_36' title="bbox 347 4284 1574 4370; baseline 0.002 -18"><span class='ocrx_word' id='word_1_292' title='bbox 347 4287 493 4370; x_wconf 78' lang='lat' dir='ltr'>Oyllenae</span> <span class='ocrx_word' id='word_1_293' title='bbox 529 4285 614 4351; x_wconf 88' lang='lat' dir='ltr'><strong>VIII</strong></span> <span class='ocrx_word' id='word_1_294' title='bbox 646 4286 723 4370; x_wconf 89' lang='grc'><strong>139,</strong></span> <span class='ocrx_word' id='word_1_295' title='bbox 762 4284 922 4352; x_wconf 86' lang='lat' dir='ltr'>Hesionae</span> <span class='ocrx_word' id='word_1_296' title='bbox 959 4285 1042 4351; x_wconf 91' lang='lat' dir='ltr'><strong>VIII</strong></span> <span class='ocrx_word' id='word_1_297' title='bbox 1069 4285 1127 4369; x_wconf 78' lang='lat' dir='ltr'>tr,</span> <span class='ocrx_word' id='word_1_298' title='bbox 1166 4285 1285 4368; x_wconf 91' lang='lat' dir='ltr'>reliqui</span> <span class='ocrx_word' id='word_1_299' title='bbox 1323 4294 1441 4369; x_wconf 88' lang='lat' dir='ltr'>poetae</span> <span class='ocrx_word' id='word_1_300' title='bbox 1479 4287 1574 4354; x_wconf 88' lang='lat' dir='ltr'>iuxta</span> 
     </span>
     <span class='ocr_line' id='line_1_37' title="bbox 346 4391 1574 4476; baseline 0.002 -17"><span class='ocrx_word' id='word_1_301' title='bbox 346 4394 493 4460; x_wconf 83' lang='lat' dir='ltr'>Graecas</span> <span class='ocrx_word' id='word_1_302' title='bbox 517 4391 640 4459; x_wconf 88' lang='lat' dir='ltr'>formas</span> <span class='ocrx_word' id='word_1_303' title='bbox 656 4393 787 4459; x_wconf 88' lang='lat' dir='ltr'>Latinis</span> <span class='ocrx_word' id='word_1_304' title='bbox 810 4413 937 4476; x_wconf 88' lang='lat' dir='ltr'>quoque</span> <span class='ocrx_word' id='word_1_305' title='bbox 961 4393 1013 4458; x_wconf 88' lang='lat' dir='ltr'>hia</span> <span class='ocrx_word' id='word_1_306' title='bbox 1036 4393 1105 4459; x_wconf 85' lang='lat' dir='ltr'>illle</span> <span class='ocrx_word' id='word_1_307' title='bbox 1127 4393 1177 4460; x_wconf 86' lang='lat' dir='ltr'>usi</span> <span class='ocrx_word' id='word_1_308' title='bbox 1201 4401 1287 4461; x_wconf 89' lang='lat' dir='ltr'>suut.</span> <span class='ocrx_word' id='word_1_309' title='bbox 1320 4394 1353 4460; x_wconf 87' lang='lat' dir='ltr'>in</span> <span class='ocrx_word' id='word_1_310' title='bbox 1374 4394 1574 4462; x_wconf 82' lang='lat' dir='ltr'>Ciceronis</span> 
     </span>
     <span class='ocr_line' id='line_1_38' title="bbox 346 4500 1575 4586; baseline 0.002 -19"><span class='ocrx_word' id='word_1_311' title='bbox 346 4501 481 4567; x_wconf 88' lang='lat' dir='ltr'>Arateis</span> <span class='ocrx_word' id='word_1_312' title='bbox 510 4501 642 4568; x_wconf 79' lang='lat' dir='ltr'>Helicae</span> <span class='ocrx_word' id='word_1_313' title='bbox 671 4507 723 4567; x_wconf 89' lang='lat' dir='ltr'>est</span> <span class='ocrx_word' id='word_1_314' title='bbox 754 4501 929 4584; x_wconf 80' lang='lat' dir='ltr'>genetivus</span> <span class='ocrx_word' id='word_1_315' title='bbox 955 4503 1024 4568; x_wconf 89' lang='lat' dir='ltr'>eius</span> <span class='ocrx_word' id='word_1_316' title='bbox 1060 4501 1186 4583; x_wconf 88' lang='lat' dir='ltr'>dequo</span> <span class='ocrx_word' id='word_1_317' title='bbox 1215 4500 1407 4569; x_wconf 82' lang='lat' dir='ltr'>disserimus</span> <span class='ocrx_word' id='word_1_318' title='bbox 1442 4503 1575 4586; x_wconf 83' lang='lat' dir='ltr'>generis</span> 
     </span>
    </p>
   </div>
   <div class='ocr_carea' id='block_1_5' title="bbox 347 4607 1574 4698">
    <p class='ocr_par' dir='ltr' id='par_1_7' title="bbox 347 4607 1574 4698">
     <span class='ocr_line' id='line_1_39' title="bbox 347 4607 1574 4698; baseline 0.003 -25"><span class='ocrx_word' id='word_1_319' title='bbox 347 4607 478 4697; x_wconf 75' lang='lat' dir='ltr'><strong>(XXVI</strong></span> <span class='ocrx_word' id='word_1_320' title='bbox 502 4609 545 4694; x_wconf 85' lang='lat'>2).</span> <span class='ocrx_word' id='word_1_321' title='bbox 600 4608 781 4676; x_wconf 84' lang='lat' dir='ltr'>Catullus</span> <span class='ocrx_word' id='word_1_322' title='bbox 816 4608 957 4676; x_wconf 84' lang='lat' dir='ltr'>Helenae</span> <span class='ocrx_word' id='word_1_323' title='bbox 992 4615 1027 4674; x_wconf 91' lang='lat' dir='ltr'>et</span> <span class='ocrx_word' id='word_1_324' title='bbox 1064 4608 1204 4678; x_wconf 85' lang='lat' dir='ltr'>Uraniae</span> <span class='ocrx_word' id='word_1_325' title='bbox 1240 4609 1346 4678; x_wconf 86' lang='lat' dir='ltr'>latine</span> <span class='ocrx_word' id='word_1_326' title='bbox 1383 4610 1574 4698; x_wconf 77' lang='lat' dir='ltr'>declinavit,</span> 
     </span>
    </p>
   </div>
   <div class='ocr_carea' id='block_1_6' title="bbox 0 0 1765 5310">
    <p class='ocr_par' dir='ltr' id='par_1_8' title="bbox 0 0 1765 5310">
     <span class='ocr_line' id='line_1_40' title="bbox 0 0 1765 5310; baseline 0 0"><span class='ocrx_word' id='word_1_327' title='bbox 0 0 1765 5310; x_wconf 95' lang='lat' dir='ltr'> </span> 
     </span>
    </p>
   </div>
  </div>
 </body>
</html>
