3452 5316
939 417 982 481 54

342 691 358 734 9
440 631 519 696 Loci
544 631 661 711 quibus
692 631 779 696 falsa
809 631 949 696 inseruit
973 639 1153 711 corrector,
1183 633 1300 696 docent
1323 631 1481 712 codicem,
1511 649 1569 711 quo

348 757 426 802 usus
451 743 501 801 est
531 757 593 803 non
624 737 725 803 fuisse
751 757 847 803 avum
876 738 1023 804 codicum
1051 738 1150 818 ΑΕΒ,
1176 739 1232 804 scd
1261 756 1302 803 ex
1328 739 1390 802 hoc
1414 737 1569 820 originem

348 863 484 926 ceprsse.

438 1095 529 1177 Quae
561 1113 631 1158 cnm
664 1094 712 1160 ita
743 1095 823 1177 sint,
860 1095 960 1160 liceat
989 1095 1070 1160 mihi
1102 1100 1271 1161 stemmate
1302 1095 1450 1176 efficere,
1484 1095 1570 1176 quali

347 1200 479 1266 uinculo
504 1200 627 1283 singuli
652 1201 781 1268 codices
805 1202 892 1267 inter
915 1221 950 1270 se
974 1204 1180 1269 cohaereant.

435 3533 571 3599 Codices
595 3533 622 3599 Ο
648 3541 680 3598 et
703 3533 734 3598 D
762 3533 1047 3616 praetermittendi
1071 3539 1162 3614 sunt,
1192 3534 1270 3614 quia
1298 3535 1340 3598 ad
1369 3533 1499 3600 codices
1520 3553 1568 3598 re-

348 3641 448 3705 deunt
469 3640 664 3721 superstites
689 3641 848 3720 nobisque
871 3647 975 3706 notos.
1015 3641 1146 3705 Minimi
1169 3640 1269 3722 pretii
1293 3659 1421 3721 quoque
1436 3639 1568 3723 putandi

347 3752 424 3812 sunt
440 3746 510 3828 AF,
528 3765 722 3826 quamquam
737 3765 966 3826 nonnunquam
983 3748 1026 3811 ad
1041 3747 1330 3829 redintegrandum
1347 3748 1567 3829 apographum

346 3856 367 3919 b
392 3853 529 3919 faciunt.
569 3854 597 3918 B
622 3873 685 3919 non
710 3854 797 3919 inter
814 3854 942 3919 codices
967 3855 1023 3919 sed
1045 3855 1132 3919 inter
1155 3854 1316 3920 editiones
1334 3854 1439 3920 locum
1463 3855 1565 3920 habet.

305 4027 313 4040 ,
345 3963 486 4028 Restant
509 3963 542 4027 M
560 3969 592 4027 et
608 3963 646 4026 V.
694 3963 841 4042 Uterque
857 3962 1008 4044 plurimis
1032 3963 1114 4029 locis
1136 3963 1247 4044 explet
1261 3962 1399 4028 lacunas
1424 3962 1565 4041 alterins

347 4069 486 4150 corrigit
516 4070 641 4135 menda.
690 4071 769 4136 Oum
800 4077 908 4134 autem
932 4072 962 4137 V
986 4070 1118 4149 saepius
1141 4088 1254 4136 veram
1284 4069 1441 4135 exhibeat
1469 4068 1566 4149 scrip·

346 4183 469 4258 turam,
506 4179 712 4242 statuendum
744 4183 795 4243 est
824 4176 921 4258 locis,
955 4177 1072 4257 quibus
1104 4196 1163 4258 per
1193 4195 1228 4242 se
1260 4184 1377 4242 neutra
1407 4176 1567 4259 scriptura

346 4283 443 4348 alteri
467 4289 624 4364 praestat,
650 4285 795 4350 codicem
817 4286 848 4351 V
871 4285 1069 4365 sequendum
1094 4304 1174 4351 esse.

437 4391 572 4472 Semper
595 4391 781 4456 adhibenda
805 4397 856 4456 est
879 4391 1110 4472 interpretatio
1135 4391 1312 4458 Ambrosii.

437 4498 541 4564 Unico
566 4499 678 4564 codice
704 4501 896 4581 Augustano
920 4498 972 4565 usi
996 4506 1073 4564 sunt
1096 4499 1257 4566 editores:
