3496 5310
590 1353 738 1478 Pars
775 1356 954 1504 prior.

673 1729 812 1834 Caput
838 1731 866 1810 l.

154 1897 217 1993 De
269 1892 513 1992 nominum
555 1891 835 1991 Graecorum
882 1919 999 2012 quae
1050 1891 1175 2013 apud
1221 1894 1384 2014 poetas

357 2037 586 2134 Romanos
618 2034 942 2152 inveniuntur,
972 2063 1183 2136 numero.

735 2251 808 2335 51.

423 2375 476 2444 Ite
498 2376 715 2446 nominativi
739 2379 777 2445 et
799 2377 955 2445 rocatlrl
979 2376 1119 2445 formis.

247 2523 274 2586 1.
312 2519 474 2586 Illorum
514 2519 705 2586 nominum
746 2520 885 2601 quibus
919 2519 1055 2586 Latini
1089 2520 1283 2587 secundae
1318 2520 1384 2586 de-

153 2627 387 2694 clinationis
404 2627 708 2693 terminationes
725 2625 763 2692 in
779 2627 959 2710 pedestri
982 2647 1158 2695 sermone
1176 2628 1385 2709 dederunt,

152 2734 402 2803 nominativo
426 2739 466 2799 et
482 2733 636 2802 Graeco
660 2731 719 2800 usi
743 2738 835 2799 sunt
857 2739 998 2816 poetae
1022 2744 1061 2801 et
1084 2734 1227 2801 Latino
1251 2735 1282 2800 h.
1301 2739 1386 2802 eet

152 2841 437 2910 terminatione
472 2864 526 2910 -us
562 2841 625 2909 vel
658 2863 726 2907 mm
759 2848 799 2907 et
834 2864 882 2908 -os
912 2842 974 2909 vel
1005 2864 1067 2909 -om
1114 2841 1228 2924 itaque
1258 2841 1385 2910 inveni·

152 2955 257 3018 untur
280 2949 363 3016 haec
387 2948 519 3015 nomina
543 2947 746 3015 Graecorum
770 2967 858 3014 more
883 2947 1064 3016 declinata:

245 3057 333 3140 apud
356 3055 565 3123 Lucilium:
597 3056 724 3124 Atticen
747 3053 789 3122 fr.
808 3056 873 3122 874
885 3055 924 3143 ¹),
953 3057 1066 3140 sophos
1089 3053 1131 3122 ir.
1152 3055 1230 3138 121,
1255 3055 1393 3137 rhetori-¹

152 3174 271 3234 eteros
295 3165 336 3232 lr.
353 3165 407 3232 57.
454 3164 601 3231 dubitari
625 3183 705 3231 sane
733 3169 860 3246 potest,
892 3183 954 3246 quo
985 3165 1057 3230 iure
1088 3164 1149 3230 uas
1173 3161 1298 3231 formas
1322 3164 1386 3230 lruc

152 3271 351 3340 rettulerim.
398 3291 472 3338 nam
505 3271 650 3338 fortasse
674 3270 822 3337 Lucilius
852 3272 935 3337 haec
959 3271 1069 3337 omnia
1092 3269 1225 3337 uomina
1248 3269 1386 3337 Graecis

152 3379 290 3463 scripsit
313 3379 447 3462 litteris,
472 3378 506 3445 id
529 3380 614 3461 quod
639 3397 702 3445 non
727 3398 802 3445 raro
827 3378 956 3445 codices
981 3384 1157 3445 testantur.
1198 3396 1262 3460 qua
1285 3378 1325 3444 de
1348 3397 1385 3445 re

152 3487 248 3556 infra
272 3487 459 3570 disputabo,
496 3486 531 3552 in
555 3485 757 3553 Ciceronis
773 3486 905 3553 Arateis
928 3492 1055 3552 exstat:
1080 3487 1216 3569 scaptos
1239 3487 1291 3552 77.
1308 3485 1383 3552 208.

152 3593 272 3680 430');
312 3593 399 3676 apud
424 3592 664 3660 Lucretium:
700 3595 809 3678 Tityos
832 3593 885 3658 ΙΙΙ
901 3591 1020 3679 992³);
1063 3594 1148 3675 apud
1174 3593 1384 3660 Catullum:

153 3703 272 3770 Penios
296 3703 349 3768 64.
366 3717 429 3785 285,
451 3707 486 3768 et
509 3701 622 3786 Scyros
645 3701 698 3767 64.
715 3717 750 3772 35
773 3700 806 3766 in
832 3706 958 3768 textum
983 3699 1109 3783 recepit
1124 3699 1210 3766 Ellis
1239 3698 1385 3766 codicum

154 3814 289 3877 secutus
317 3808 463 3893 vestigia
491 3809 719 3891 praebentium
750 3830 840 3894 syros
867 3811 950 3876 siros
978 3808 1108 3892 satyros
1130 3808 1230 3875 seiros
1253 3807 1386 3874 schirios

153 3919 278 3985 seliros
300 3917 400 3984 thiros
421 3917 520 3985 thiros
543 3924 639 4000 tyros.
686 3915 745 3982 sed
775 3934 848 3981 oum
880 3916 920 3982 de
951 3914 1033 3981 locis
1061 3913 1268 3998 Thessaliae,
1299 3914 1385 3981 unde

155 4041 269 4091 omnes
293 4028 494 4090 concurrunt
516 4022 644 4090 incolae
668 4022 792 4106 nuptiis
814 4022 897 4088 laeti
920 4022 1022 4107 regis,
1047 4027 1184 4107 agatur,
1213 4059 1257 4068 -
1282 4021 1385 4088 nomi·

155 4136 281 4198 nentur
305 4131 428 4213 Tempe
444 4130 595 4197 Crannon
612 4129 750 4196 Larissa
774 4167 815 4177 -
839 4131 901 4196 hoo
924 4148 1050 4211 quoque
1073 4147 1190 4195 nomen
1214 4129 1257 4196 ad
1280 4130 1384 4195 locum

155 4239 317 4322 quendam
341 4245 494 4321 spectare
510 4237 705 4305 Thessaliae
729 4243 855 4304 certum
880 4241 940 4304 est.
981 4237 1040 4304 sed
1064 4254 1191 4320 quoquo
1214 4237 1307 4303 modo
1330 4254 1385 4302 res

250 4454 270 4524 ι)
289 4453 416 4508 ilumeris
434 4467 501 4508 usus
521 4467 581 4508 eam
599 4451 761 4506 Baehrensii
779 4451 820 4522 (F.
834 4450 864 4507 P.
878 4449 931 4522 R).

249 4543 270 4612 ')
289 4543 420 4598 Eiusdem
438 4542 553 4598 editoris
571 4557 699 4596 numeros
718 4541 852 4609 adscripsi
871 4541 913 4609 (P.
927 4540 957 4596 L.
971 4539 1027 4609 ld).

248 4633 270 4703 ³)
289 4631 457 4687 Lachmanni
475 4632 623 4686 editionem
642 4636 753 4686 secutus
772 4645 842 4687 sum.
