3522 5310
825 196 1036 296 -Pl,

345 411 485 454 neccsse
510 401 570 468 est,
596 391 758 477 quomodo
783 392 887 478 tripus
912 391 978 456 illic
1001 393 1141 456 inveniri
1164 394 1314 477 potuerit
1338 391 1517 456 Periander

345 494 565 583 Thrasybulo,
597 496 800 562 Milesiorum
825 509 963 584 tyranno
988 535 1021 546 -
1055 521 1192 584 quorum
1217 519 1363 563 conexus
1388 499 1451 562 iam
1476 521 1518 562 cx

343 604 510 670 Herodoto
535 605 551 669 Ι
575 605 618 670 20
641 615 738 670 notus
763 615 833 669 erat
870 641 906 652 —-
946 628 1062 670 navem
1088 615 1238 670 onustam
1262 607 1406 686 miserat,
1435 626 1519 691 quae

344 709 551 796 naufragium
587 710 675 776 fecit.
728 711 779 776 Ita
814 714 919 798 tripus
955 710 1022 777 illic
1057 715 1089 776 in
1124 734 1214 777 mare
1250 712 1371 778 decidit
1401 711 1447 791 (II
1473 712 1517 793 3).

344 816 411 882 Aut
448 855 486 864 -
523 828 621 906 atque
646 818 844 884 monendum
870 829 928 902 est,
966 830 1168 905 quantopere
1192 819 1234 883 ad
1259 811 1342 884 hanc
1366 818 1517 883 fabellam

344 924 531 1010 fingendam
567 949 651 1012 quae
679 927 844 991 Homerus
873 926 911 990 ll.
963 927 996 991 ll
1026 927 1091 992 100
1104 949 1152 1013 sq.
1190 927 1230 990 de
1259 926 1517 1011 Agamemnonis

344 1043 475 1119 sceptro
499 1043 610 1110 narrat
632 1033 793 1099 valuerint
825 1071 864 1080 -
896 1032 1064 1098 Vulcanus
1089 1034 1176 1098 hunc
1200 1034 1360 1121 tripodem
1384 1032 1465 1098 fecit
1486 1042 1520 1097 et

344 1138 467 1226 Pelopi,
493 1163 568 1204 cum
591 1163 727 1205 uxorem
758 1140 903 1223 duceret,
936 1141 1022 1206 dono
1051 1141 1149 1206 dedit.
1198 1142 1318 1206 Postea
1341 1140 1383 1205 ad
1407 1141 1517 1205 Mene-

343 1246 430 1311 laum
454 1249 603 1334 pervenit
624 1253 659 1312 et
674 1271 694 1312 a
710 1247 828 1312 Paride
853 1270 927 1312 cum
944 1247 1072 1312 Helena
1094 1261 1208 1336 raptus
1233 1257 1292 1330 est,
1318 1270 1402 1334 quae
1419 1248 1518 1311 Troia

344 1356 504 1438 navigans
547 1375 621 1419 cum
656 1355 689 1418 in
724 1377 813 1418 mare
854 1354 954 1419 deicit
996 1377 1120 1420 mernor
1153 1357 1275 1420 veteris
1320 1354 1441 1419 oraculi
1478 1354 1518 1417 de

344 1461 473 1547 tripode
498 1462 677 1526 certamina
700 1460 770 1526 fore
800 1461 902 1546 (114.
927 1463 958 1528 5.
984 1463 1027 1543 7).
1074 1462 1141 1527 Aut
1164 1460 1333 1527 Vulcanus
1365 1464 1437 1548 ipse
1465 1462 1518 1525 tri·

344 1568 465 1654 podem
489 1570 521 1632 in
545 1590 635 1634 mare
660 1567 817 1634 demersit
839 1569 886 1652 (ΙΙ
911 1567 955 1655 4).
1003 1569 1056 1634 De
1087 1569 1150 1634 hoc
1179 1577 1287 1633 autem
1323 1568 1450 1655 tripode
1478 1591 1520 1633 ex

345 1676 539 1761 necopinato
578 1687 708 1762 reperto
748 1678 911 1742 contentio
951 1687 1021 1741 orta
1055 1687 1107 1740 est
1145 1678 1229 1741 inter
1266 1678 1449 1762 piscatores
1488 1685 1521 1740 et

346 1792 522 1869 emptores,
551 1805 626 1850 cum
650 1781 785 1848 illinon
809 1782 980 1870 tripodem,
1005 1783 1067 1848 sed
1089 1785 1200 1870 pisces
1224 1783 1321 1848 modo
1347 1805 1383 1847 se
1407 1781 1518 1846 vendi·

346 1889 459 1964 disse„
480 1890 515 1953 hi
549 1913 678 1955 omnem
713 1893 791 1955 retis
827 1893 948 1955 iactum
984 1913 1020 1954 se
1054 1892 1175 1954 emisse
1204 1889 1446 1955 contenderent
1491 1889 1520 1952 E

346 1997 523 2062 certamine
560 1998 658 2062 etiam
693 1995 814 2062 bellum
850 2007 955 2061 ortum
989 2007 1040 2061 est
1071 1999 1155 2062 inter
1183 2007 1356 2083 utramque
1379 2007 1519 2082 gentem,

346 2105 441 2169 cuius
466 2105 522 2190 qui
545 2114 692 2170 emerant
715 2114 748 2169 et
771 2104 988 2170 vendiderant
1011 2115 1113 2187 erant,
1145 2104 1287 2190 denique
1316 2103 1426 2168 multis
1450 2102 1520 2168 vul·

346 2209 481 2276 neribus
514 2213 677 2295 utrimque
710 2221 742 2275 et
770 2210 868 2276 illatis
900 2222 932 2275 et
959 2215 1104 2298 acceptis
1129 2211 1295 2275 oraculum
1321 2209 1519 2298 Delphicum

347 2317 531 2383 consultum
555 2327 614 2382 est.
661 2318 770 2404 Atque
795 2321 865 2383 eius
889 2341 1085 2406 responsum
1111 2317 1234 2405 duplici
1262 2318 1366 2384 forma
1391 2339 1520 2404 compo·

347 2427 446 2490 situm
468 2423 638 2492 habemus.
687 2425 822 2514 Apollo‘
842 2426 926 2490 hanc
960 2424 1049 2491 litem
1084 2428 1129 2490 ita
1159 2425 1298 2506 diremit,
1333 2434 1368 2490 ut
1395 2425 1522 2489 iuberet

347 2533 509 2618 tripodem
532 2535 639 2598 neutri
663 2537 856 2598 certantium
881 2533 961 2612 dari,
997 2534 1056 2599 sed
1092 2535 1335 2621 sapientissimo
1367 2534 1519 2598 omnium.

347 2639 510 2728 Apollinis
545 2641 643 2726 igitur
677 2643 772 2707 iussu
806 2641 861 2708 ille
896 2644 1001 2730 tripus
1030 2647 1086 2706 uni
1116 2666 1133 2706 e
1163 2653 1290 2729 septem
1319 2639 1521 2728 sapientibus

347 2747 499 2812 decretus
524 2757 592 2831 cst3
628 2751 683 2836 qui
719 2770 793 2815 cum
828 2759 961 2815 recusat
992 2759 1025 2814 et
1054 2749 1109 2814 alii
1140 2749 1204 2832 dat,
1240 2750 1294 2814 hic
1318 2770 1431 2813 rursus
1456 2746 1519 2828 alii,

347 2855 452 2920 donec
475 2854 608 2921 ultimus
633 2856 695 2921 deo
720 2865 755 2920 ut
778 2858 1019 2944 sapientissimo
1045 2865 1226 2922 consecrat.

434 2961 496 3027 Est
519 2973 626 3028 autem
651 2962 754 3028 altera
777 2963 874 3028 huius
891 2963 1021 3030 fabulae
1038 2965 1144 3030 forma
1159 2962 1326 3050 paululum
1342 2964 1520 3042 immutata,

348 3093 412 3159 qua
434 3071 612 3158 Bathycles
636 3070 746 3137 Arcas
770 3072 924 3159 poculum
953 3083 1010 3137 aut
1039 3083 1185 3159 pateram
1217 3071 1398 3157 sapientiae
1427 3089 1520 3156 prac-

348 3181 448 3245 mium
473 3181 685 3268 proposuisse
710 3190 765 3246 aut
786 3181 962 3268 reliquisse
981 3191 1013 3247 et
1028 3179 1176 3245 relictum
1194 3179 1435 3266 sapientissimo
1453 3177 1521 3241 dari

347 3290 485 3354 iussisse
509 3289 621 3354 fertur.
665 3289 732 3354 Aut
755 3287 900 3353 Croesus
924 3288 977 3353 vel
1000 3290 1072 3374 ipse
1096 3287 1149 3352 vel
1172 3309 1231 3374 per
1254 3287 1395 3352 amicum
1420 3306 1521 3371 quen-

348 3395 421 3460 dam
441 3397 680 3482 sapientissimo
699 3396 903 3461 Graecorum
919 3395 1073 3484 poculum
1089 3417 1224 3460 aureum
1240 3396 1372 3459 misisse
1393 3392 1520 3458 dicitur.

437 3502 580 3568 Wulfius
605 3527 637 3590 p.
664 3505 704 3568 18
729 3534 763 3558 =
789 3503 852 3569 180
866 3526 937 3590 sqq.
971 3513 1095 3567 rectam
1130 3505 1302 3588 ingressus
1336 3503 1423 3565 viam
1459 3498 1521 3563 sibi

348 3613 528 3698 proposuit,
552 3621 588 3675 ut
611 3634 653 3675 ex
676 3610 738 3675 hac
763 3619 856 3676 vasta
878 3609 1062 3675 fabularum
1086 3609 1171 3674 mole
1188 3609 1366 3696 primordia
1382 3617 1520 3673 erueret.

350 3719 414 3784 Sed
440 3742 478 3784 eo
503 3718 687 3806 implicatus
713 3729 762 3783 est
786 3741 906 3799 errore,
936 3729 970 3782 ut
994 3715 1134 3782 fabellae
1159 3719 1281 3781 exitum
1304 3715 1521 3780 ratiocinatio·

349 3849 426 3892 num
451 3825 699 3891 fundamentum
723 3848 798 3890 csse
815 3834 953 3911 putaret.
993 3825 1074 3888 Eius
1092 3826 1177 3889 enim
1194 3845 1212 3887 c
1230 3824 1391 3889 sententia
1406 3843 1521 3887 omues

306 3983 314 4002 .
349 3915 481 3998 fabulae
505 3931 629 3999 formae
655 3933 774 4021 quibus
798 3933 958 4021 tripodem
984 3933 1046 3997 deo
1067 3931 1253 3996 dedicatum
1270 3953 1345 3996 esse
1361 3939 1520 4010 narratur,

349 4043 549 4106 recentiores
574 4053 666 4126 sunt3
702 4064 777 4106 nam
802 4043 867 4106 ‘laic
894 4041 1030 4125 fabellae
1059 4043 1170 4122 coritae,
1206 4060 1266 4121 quo
1299 4038 1522 4104 adinventam

349 4151 501 4216 maiorem
535 4151 677 4216 nuntiate
710 4150 845 4233 pluriam
880 4149 1029 4233 fabellam
1057 4150 1265 4231 accepitatam
1293 4145 1522 4211 machomitae

348 4257 531 4338 sentiebant,
555 4257 647 4322 seviret
669 4259 812 4322 inventas
834 4257 920 4322 nullo
944 4256 1033 4322 modo
1057 4277 1078 4320 a
1101 4254 1297 4338 sequentibus
1319 4251 1522 4333 scriptoribus

351 4364 472 4448 repleri
490 4368 637 4446 poterat'.
673 4362 788 4450 Itaque
805 4385 861 4427 eos
879 4365 1057 4448 scriptores
1075 4365 1130 4449 qui
1146 4360 1283 4448 tripodis
1308 4359 1521 4424 dedicationis

350 4473 546 4537 mentionem
573 4495 637 4536 non
662 4471 816 4552 facerent,
841 4493 906 4534 non
932 4470 1036 4535 solum
1061 4465 1425 4555 antiquioremfabulae
1450 4485 1521 4551 spe-
