3496 5310
938 391 983 460 64

854 484 1066 496 ——u—

346 606 379 672 in
414 605 615 672 carminibus
649 612 751 688 poeta
785 605 849 672 hac
882 605 1019 673 licentia
1050 623 1127 672 usus
1160 606 1213 673 sit.
1269 607 1418 674 Graecas
1450 605 1576 674 normas

345 712 492 798 genetivi
528 712 561 779 in
594 735 642 781 -es
676 712 827 780 exeuntis
861 713 895 780 in
931 713 1130 782 carminibus
1162 714 1205 780 63
1239 719 1275 780 et
1304 713 1347 780 66
1381 713 1577 796 invenimus,

347 838 481 902 quoram
512 826 684 902 utrumque
716 819 881 887 artissime
912 838 983 886 cum
1009 820 1211 889 Graecorum
1237 820 1396 902 exemplis
1420 839 1578 888 conexum

346 947 419 995 esse
448 929 533 994 satis
563 931 707 995 constat.
754 928 861 994 altero
893 927 1049 1010 genetivo
1079 927 1134 1010 qni
1158 931 1192 994 16
1217 950 1267 995 -os
1290 927 1374 1012 exit,
1406 928 1514 995 utitur
1545 928 1577 994 in

346 1034 492 1102 carmine
516 1035 569 1119 64,
594 1035 680 1118 quod
704 1039 740 1101 et
762 1033 869 1116 ipsum
894 1053 935 1102 ex
951 1034 1251 1102 Alexandrinorum
1267 1034 1452 1102 imitatione
1471 1035 1578 1118 duxit,

346 1143 453 1208 altero
486 1143 519 1208 in
554 1140 698 1208 carmine
732 1143 785 1208 66.
840 1141 1025 1225 ubicunque
1060 1147 1169 1210 antem
1206 1161 1266 1209 suo
1301 1141 1411 1210 fretus
1442 1142 1579 1228 ingenio

346 1248 483 1331 cecinit,
515 1249 558 1314 66
589 1247 731 1314 Latinas
762 1249 888 1316 formas
917 1247 1027 1315 rediit.
1074 1249 1187 1330 itaque
1211 1249 1351 1317 Helenae
1374 1257 1409 1317 et
1438 1250 1580 1318 Uraniae

346 1356 436 1423 111166
466 1355 612 1440 genetivi
642 1355 715 1422 loco
745 1355 856 1438 posuit
886 1355 941 1439 qui
970 1355 1005 1422 in
1032 1377 1080 1424 -es
1110 1356 1256 1423 excurrit
1286 1357 1358 1443 (68.
1380 1373 1432 1440 67,
1456 1359 1510 1424 61.
1533 1357 1578 1444 a).

346 1464 404 1531 666
439 1482 634 1546 quamquam
665 1462 804 1532 Graecis
839 1480 904 1529 non
935 1460 1024 1530 favit
1056 1463 1121 1530 nisi
1151 1463 1208 1529 nbi
1240 1483 1297 1531 eos
1330 1464 1481 1532 imitatus
1516 1470 1579 1548 est,

345 1577 456 1638 tamen
495 1570 577 1638 fines
612 1569 756 1638 artiores
792 1570 962 1653 superavit
999 1569 1206 1653 posterisque
1241 1571 1387 1656 vestigia
1421 1573 1579 1654 ostendit,

346 1663 466 1761 q'uibus
490 1676 693 1760 insisterent,
717 1683 757 1744 ut
777 1677 979 1762 elegantiam
1004 1697 1157 1746 versuum
1181 1697 1278 1761 quem
1301 1679 1580 1762 perfectissimam

348 1791 614 1869 assequerentur.
672 1803 778 1867 neque
814 1784 959 1853 dubitari
994 1791 1119 1869 potest,
1160 1786 1237 1868 quin
1277 1805 1388 1854 66666
1424 1785 1579 1876 νεώτεροι

158 1903 165 1916 ·
258 1884 260 1888 ’
347 1899 465 1977 666166
490 1892 627 1960 666666
650 1891 738 1962 viam
762 1891 904 1978 ingressi
927 1893 995 1959 sint
1018 1893 1195 1974 eodemque
1219 1894 1314 1961 modo
1338 1895 1580 1977 posterioribus

348 2001 496 2083 exemplo
528 1997 662 2066 fuerint.
715 2019 797 2068 aevo
836 2000 921 2067 enim
956 2000 1128 2083 Augustae
1161 2001 1270 2068 omnia
1303 2019 1388 2084 quae
1420 2021 1441 2069 a
1471 2002 1580 2084 poetis

348 2113 462 2175 aetate
484 2107 709 2191 superioribus
733 2107 862 2174 initium
887 2112 1047 2190 ceperant
1071 2109 1204 2175 Graeca
1227 2109 1261 2174 in
1286 2110 1437 2176 versibus
1461 2115 1579 2193 poeta-

348 2235 419 2282 rum
442 2215 665 2282 Romanorum
696 2220 796 2282 aucta
827 2221 926 2297 atque
957 2234 1111 2282 summam
1145 2217 1187 2282 ad
1215 2214 1453 2299 perfectionem
1479 2216 1579 2284 ducta

348 2328 434 2390 sunt.
475 2323 516 2389 de
540 2323 603 2390 hnc
627 2321 730 2392 totius
754 2322 912 2405 temporis
935 2322 1065 2389 ratione
1088 2341 1174 2389 6666
1198 2323 1390 2391 accuratius
1415 2324 1580 2392 disserere

348 2449 430 2514 opus
453 2436 515 2496 est.

917 2590 937 2674 6
962 2591 1014 2657 12.

439 2733 655 2818 Vergilium
694 2733 841 2802 Graecos
880 2731 1022 2798 maxime
1059 2731 1223 2800 imitatum
1263 2751 1336 2800 esse
1374 2733 1439 2801 iam
1477 2753 1580 2817 supra

349 2841 610 2908 memoravimus.
658 2841 698 2906 66
722 2844 855 2908 Aeneae
886 2839 1052 2907 erroribus
1084 2845 1118 2908 et
1150 2841 1296 2908 adventu
1326 2841 1360 2907 in
1384 2841 1517 2908 Italiam
1542 2860 1580 2908 ac

350 2949 390 3015 de
422 2948 557 3031 proeliis
590 2947 635 3013 ibi
666 2947 771 3032 gestis
804 2966 923 3014 canere
955 2947 1018 3013 sibi
1057 2955 1285 3030 proposuerat.
1338 2949 1442 3016 multa
1475 2948 1581 3033 igitur

350 3057 391 3124 de
414 3056 553 3123 Graecis
577 3057 710 3122 Aeneae
734 3053 908 3125 comitibus
933 3054 964 3122 ei
988 3057 1155 3122 narranda
1178 3062 1290 3140 eraut,
1314 3056 1419 3124 multa
1443 3056 1484 3124 66
1508 3057 1580 3140 ipso

350 3167 475 3231 Aenea.
527 3163 685 3245 pleraque
718 3161 823 3246 igitur
855 3181 897 3230 ex
928 3161 1064 3230 Homeri
1097 3163 1192 3230 libris
1225 3169 1260 3230 et
1292 3182 1333 3230 ex
1365 3163 1441 3231 aliis
1471 3164 1580 3248 poetis

351 3271 490 3338 Graecis
505 3270 629 3338 hausit.
661 3269 747 3336 idem
771 3267 844 3336 iere
866 3269 901 3338 in
917 3269 1060 3336 Horati
1083 3270 1282 3339 carminibus
1306 3269 1400 3338 nobis
1424 3271 1579 3339 occurrit.

350 3377 407 3444 ille
446 3376 576 3460 quidem
615 3373 754 3443 formam
792 3376 971 3444 carminum
1005 3395 1026 3442 6
1061 3377 1199 3445 Graecia
1234 3377 1363 3461 recepit
1398 3383 1433 3444 et
1468 3397 1580 3460 quam-

350 3503 446 3567 quam
490 3503 575 3567 quae
614 3485 758 3551 canebat
797 3485 841 3550 66
878 3483 1043 3552 Romanos
1086 3485 1158 3552 fere
1200 3486 1413 3569 spectabant,
1457 3486 1579 3554 multas

351 3590 484 3658 fabulas
500 3591 650 3658 Graecas
667 3591 862 3672 nominaque
879 3592 1011 3658 heroum
1028 3590 1230 3660 Graecorum
1254 3592 1406 3661 versibus
1424 3592 1578 3661 intexuit.

350 3699 427 3766 hinc
462 3696 587 3764 iactum
623 3703 689 3780 est,
728 3703 767 3766 ut
800 3703 836 3764 et
865 3698 1033 3782 Vergilius
1069 3704 1103 3766 et
1135 3699 1296 3767 Horatius
1331 3719 1452 3784 magna
1486 3700 1579 3783 copia

352 3806 517 3873 nominum
533 3804 734 3873 Graecorum
751 3805 885 3872 litteras
902 3806 1042 3874 Latinas
1058 3813 1230 3890 augerent,
1255 3825 1391 3890 quorum
1415 3808 1579 3890 plerisque

352 3918 488 3996 propter
518 3931 575 3980 eas
607 3931 689 3995 quas
720 3931 819 3995 snpra
849 3913 989 3982 diximus
1014 3933 1132 3982 causas
1156 3913 1306 3982 Graecae
1331 3914 1580 3982 terminationes

351 4021 451 4088 datae
481 4025 568 4086 sunt.
617 4039 720 4102 neque
749 4021 1447 4104 66161116666666166661666666666
1473 4021 1580 4105 potnit

352 4125 430 4209 quin
454 4145 569 4195 versus
593 4126 735 4194 flosculis
755 4127 895 4194 Graecis
918 4126 1060 4212 undique
1083 4128 1231 4196 collectis
1255 4133 1466 4196 ornarentur:
1499 4129 1579 4196 adeo

353 4253 467 4302 66666
490 4233 616 4302 litteris
640 4233 780 4302 Graecis
803 4233 919 4300 imbuti
943 4243 1048 4302 erant.

442 4342 610 4425 Vergilius
641 4341 744 4425 igitur
773 4361 880 4424 neque
904 4343 1049 4412 Anchisa
1072 4361 1177 4426 neque
1199 4343 1305 4412 Aeaee
1329 4344 1455 4411 formas
1479 4343 1580 4412 nomi-

352 4449 460 4517 nativi
483 4449 602 4532 dignas
625 4448 756 4532 babuit,
789 4467 870 4530 quas
899 4450 1012 4517 verani
1039 4451 1138 4517 heroo
1162 4449 1333 4519 insereret.
1380 4449 1517 4534 propius
1539 4451 1579 4519 66

352 4554 488 4622 Homeri
519 4556 687 4637 exemplar
718 4556 874 4623 accedere
906 4556 970 4622 sibi
999 4557 1090 4626 visus
1121 4563 1173 4626 est
1203 4557 1364 4628 Andrisco
1394 4564 1429 4625 et
1454 4559 1580 4627 Aenean
