3496 5310
918 423 962 489 44

415 639 554 722 Saepius
591 646 769 706 occurrunt
803 641 887 706 talia
922 639 1055 707 uomina
1090 638 1230 706 Graecis
1265 637 1557 705 terminationibus

324 746 477 828 servatis,
502 766 572 813 cum
589 751 687 830 poeta
712 747 837 814 diserte
863 747 1013 814 fateatur
1037 765 1102 813 nou
1126 764 1162 812 se
1186 746 1291 828 ipsum
1315 744 1479 828 traloqui,
1497 746 1557 812 sed

326 841 475 922 Graecos
497 855 583 920 hauc
607 854 661 922 vel
684 854 773 920 illam
800 875 867 921 rem
892 855 953 920 hoc
972 853 1102 920 nomine
1119 853 1317 936 significare,
1342 853 1375 919 iu
1392 853 1557 920 Lucreti

324 962 430 1029 libris.
481 962 499 1029 Ι
533 962 600 1029 830
633 962 661 1028 is
696 959 913 1048 ὁμοιομερίαν
948 962 1152 1029 Graecorum
1186 961 1220 1027 in
1256 961 1412 1028 Latinam
1446 967 1556 1026 traus-

326 1071 417 1137 lerre
452 1069 598 1152 linguam
634 1069 778 1152 cogitur,
819 1069 877 1134 scd
917 1087 1113 1151 quamquam
1148 1068 1338 1136 accusativo
1372 1069 1558 1135 domoeoma-

323 1179 407 1244 mom
440 1195 602 1260 usurpare
634 1176 742 1260 licuit,
783 1176 943 1242 Graecam
980 1194 1116 1242 servare
1152 1173 1291 1242 formam
1324 1193 1390 1241 nou
1423 1175 1557 1241 dubitat

326 1285 464 1350 addens·
539 1371 646 1457 ‘quom
671 1372 756 1441 Grai
778 1380 950 1440 numerum
971 1380 1158 1440 manustra
1180 1374 1280 1440 dicero
1303 1373 1411 1456 liupao

540 1483 674 1548 concedit
695 1482 785 1548 anobis
803 1483 907 1564 patrii
929 1483 1083 1548 carnonis
1107 1477 1245 1565 gedos'.

325 1588 439 1654 eadem
476 1607 578 1654 causa
617 1595 794 1654 commotus
830 1589 959 1656 Graeco
996 1586 1189 1654 accusativo
1225 1587 1335 1652 dicere
1370 1605 1468 1653 auarus
1505 1589 1557 1654 est

320 1703 482 1780 prmtorcs
505 1696 553 1763 VI
577 1697 657 1762 424:

594 1856 600 1868 .
628 1855 634 1870 .
661 1853 669 1868 .
694 1799 792 1870 ‘Grai
814 1825 891 1886 quos
914 1803 955 1868 ab
978 1824 1012 1868 re
1033 1797 1273 1870 norninilorunt‘

245 1895 247 1900 ¹
326 1915 360 1977 et
382 1911 537 1996 Mapacto
560 1909 608 1975 VI
632 1909 711 1976 908:

262 2010 264 2021 ’
485 2014 586 2101 ‘quem
609 2019 761 2102 Magneta
783 2025 893 2085 vocant
911 2019 1019 2100 patrio
1042 2019 1079 2084 de
1101 2019 1225 2084 aomina
1250 2013 1353 2085 Grai'.

260 2150 262 2159 ⁸
325 2125 396 2208 ipse
419 2125 598 2210 Magnetem
623 2125 775 2205 dixisset,
808 2125 890 2191 Grai
912 2125 1066 2211 Magneta
1096 2125 1219 2192 dicunt.
1267 2130 1387 2206 quarto
1417 2125 1558 2206 denique

325 2233 396 2298 loco
433 2251 496 2298 uon
532 2233 634 2298 solum
671 2231 767 2299 affert
799 2231 961 2299 Graecum
996 2251 1129 2316 nomeu,
1164 2232 1223 2298 sed
1255 2233 1359 2298 vertit
1389 2231 1491 2298 etiam
1523 2233 1556 2298 iu

327 2338 496 2407 Latinum:

357 2447 404 2513 VI
428 2447 506 2514 701:
538 2445 584 2513 ‘in
606 2469 728 2514 statmo
750 2455 825 2514 sual
847 2449 957 2515 amice
980 2449 1062 2514 enim
1085 2454 1219 2514 matoes
1241 2455 1277 2514 ut
1299 2449 1363 2531 ipsi

540 2557 742 2638 nominitant
766 2577 824 2624 nos
846 2557 928 2640 quod
942 2556 1058 2637 fauces
1076 2555 1277 2639 perhibemus
1299 2562 1327 2622 cl
1349 2551 1427 2622 ora'.

416 2662 481 2730 Sed
505 2663 587 2730 haee
610 2665 811 2730 cousuetudo
836 2683 908 2730 cum
936 2663 986 2729 his
1010 2663 1117 2747 poetis
1147 2663 1298 2745 evanuit,
1330 2681 1401 2728 cum
1432 2661 1557 2744 posteri

327 2789 408 2854 opus
432 2789 504 2837 esse
527 2790 592 2837 nou
608 2775 777 2855 putarent,
802 2771 831 2836 si
847 2771 980 2838 Graeca
999 2771 1130 2837 uomina
1146 2789 1209 2836 uon
1227 2769 1410 2836 reformata
1425 2769 1557 2836 Latinis

327 2878 361 2944 in
386 2879 536 2946 versibus
560 2884 731 2963 ponerent,
757 2879 817 2945 has
837 2877 1089 2945 terminationes
1105 2899 1126 2944 a
1142 2878 1299 2945 Romanis
1316 2878 1413 2945 valde
1429 2875 1557 2944 alienas

328 3004 488 3052 excusam.
1117 3001 1119 3006 ’

417 3113 447 3178 3.
481 3111 595 3178 Tertio
619 3112 689 3178 loco
713 3130 818 3194 genus
841 3112 1003 3194 quoddam
1027 3111 1191 3178 nominum
1222 3111 1491 3194 contemplemur,
1522 3109 1557 3176 in

328 3238 391 3301 quo
407 3217 485 3286 inde
501 3239 522 3286 a
538 3219 667 3286 Catullo
684 3237 796 3285 omues
812 3227 932 3303 poetae
948 3220 1098 3287 Graecas
1115 3218 1367 3286 terminationes
1384 3218 1558 3285 admisisse

327 3327 484 3394 videntur
508 3328 596 3393 etei
620 3327 675 3409 qui
698 3327 899 3394 Graecorum
928 3346 1047 3393 morem
1080 3346 1157 3394 raro
1189 3328 1292 3394 secuti
1324 3332 1416 3410 suut,
1449 3332 1483 3392 et
1507 3325 1557 3392 illi

327 3433 383 3517 qui
407 3435 558 3501 Graecae
582 3434 811 3502 declinationis
842 3433 957 3502 formis
988 3434 1131 3517 receptis
1162 3453 1278 3501 versus
1310 3435 1427 3501 heroos
1453 3434 1556 3500 multo

328 3541 444 3609 melius
476 3543 656 3625 procedere
689 3552 922 3626 cognoverant.
969 3542 1109 3608 omnium
1143 3541 1214 3608 fere
1250 3543 1411 3609 nominum
1443 3560 1558 3609 secun-

328 3650 402 3717 dam
442 3649 691 3718 declinationem
726 3650 881 3717 Latinam
920 3650 1125 3733 sequentium
1156 3651 1274 3733 quibus
1314 3651 1400 3717 loca
1431 3649 1558 3716 Grae·

329 3757 414 3824 aiae
444 3764 722 3841 nuncupantur
760 3796 801 3808 -
840 3757 1030 3840 imprimis
1061 3757 1218 3824 insulae
1254 3756 1464 3844 Cycladum
1507 3793 1556 3836 —,

328 3866 369 3932 iu
416 3865 657 3934 nominativo
711 3873 749 3932 et
803 3866 1035 3933 accusativo
1087 3865 1253 3932 Graecis
1304 3864 1556 3931 terminatio-

329 3974 441 4041 nibus
477 3981 618 4057 poetae
653 3974 711 4040 usi
746 3978 850 4058 sunt,
891 3973 961 4041 sive
999 3974 1084 4056 quod
1120 3993 1162 4039 ue
1196 3973 1228 4040 iu
1264 3972 1394 4058 volgari
1429 3971 1556 4055 quidem

330 4099 480 4150 sermone
512 4082 593 4148 haec
625 4081 758 4148 uomina
790 4085 918 4147 mutata
951 4088 1027 4147 sunt
1059 4082 1128 4148 sive
1160 4082 1247 4164 quod
1277 4099 1388 4147 omnes
1418 4079 1557 4146 Romani

330 4189 454 4255 litteris
477 4189 594 4256 imbuti
617 4189 699 4255 haec
722 4190 794 4254 loca
811 4189 941 4254 Graeca
958 4189 1085 4256 Graeco
1108 4209 1233 4272 quoque
1257 4189 1387 4255 nomine
1411 4189 1558 4272 appella-

330 4300 426 4382 bant,
459 4306 496 4364 ut
526 4305 639 4364 nostra
670 4317 798 4378 quoque
823 4297 1023 4364 cousuetudo
1052 4298 1130 4364 fert.
1178 4317 1273 4379 quam
1298 4297 1498 4363 seutentiam
1522 4302 1559 4363 ut

331 4405 535 4488 argumentis
569 4404 768 4488 confirmem,
810 4405 959 4485 exempla
995 4405 1128 4471 afferam
1169 4423 1252 4486 quae
1294 4423 1395 4487 supra
1430 4405 1556 4488 collegi.

330 4513 365 4579 in
385 4513 536 4580 Catulli
559 4511 758 4578 carminibus
782 4512 945 4578 nominum
969 4512 1263 4598 geographicorum
1288 4511 1358 4578 eius
1381 4512 1466 4594 quod
1489 4511 1557 4578 dixi

331 4622 463 4706 generis
495 4621 558 4687 duo
590 4625 718 4687 tantum
748 4621 975 4688 inveniuntur:
1013 4621 1128 4705 Scyros
1156 4625 1191 4688 et
1217 4619 1349 4702 Paua
1383 4625 1556 4704 utrumque
