3442 5324
910 373 952 439 76

315 589 459 672 effugere
487 595 622 671 possent
644 609 661 654 e
684 589 835 654 manibus
863 587 964 654 illius.
1010 589 1128 667 Itaque
1150 587 1294 654 venandi
1321 605 1422 653 causa
1446 587 1540 652 domo

314 697 399 763 abiit
434 697 494 782 (cf.
519 695 749 780 v.153-55).
797 696 861 762 Sed
893 701 1067 777 postquam
1101 694 1153 760 illi
1189 713 1245 760 eas
1279 713 1347 776 res,
1383 711 1464 774 quas
1499 713 1541 758 ne

313 805 444 870 audiret
460 804 718 889 Theoolymenus
741 809 885 870 remotus
904 808 985 885 erat,
1011 801 1287 884 deliberaverunt,
1312 820 1371 868 suo
1395 807 1540 883 tempore

312 913 500 980 revertItur.

401 1018 515 1100 Neque
550 1018 585 1084 in
620 1017 832 1102 Iphigenia
866 1016 1077 1083 Aulidensi
1115 1016 1221 1099 primo
1259 1015 1389 1096 quidem
1425 1017 1540 1080 obtutu

313 1133 461 1209 apparet,
486 1145 544 1192 cnr
567 1127 769 1210 Agamemno
793 1130 966 1207 postquam
989 1143 1124 1191 uxorem
1147 1125 1256 1205 Argos
1280 1122 1389 1188 redire
1413 1122 1540 1187 frustra

312 1234 461 1317 iusserit,
486 1252 522 1301 se
542 1233 753 1301 Calchantem
777 1233 942 1299 aditurum
965 1250 1036 1298 esse
1057 1231 1161 1313 dicat,
1186 1230 1308 1313 quippe
1328 1230 1419 1296 cuius
1443 1247 1539 1310 prae-

313 1347 409 1423 cepta
431 1341 497 1406 iam
521 1341 604 1408 satis
628 1346 796 1422 comperta
819 1340 940 1406 habeat
964 1339 1006 1426 (v.
1026 1337 1209 1424 746-48);

526 1453 616 1540 ὅμως
639 1454 675 1522 δὲ
699 1453 759 1522 σὺν
782 1452 952 1536 Κάλχαντι
975 1458 1022 1540 τῷ
1044 1451 1207 1542 θυηπόλῳ

524 1567 617 1650 κοινῇ
639 1559 677 1629 τὸ
699 1566 758 1650 τῆς
780 1566 865 1629 θεοῦ
887 1561 996 1651 φίλον,
1021 1560 1095 1645 ἐμοὶ
1120 1559 1149 1627 δ’
1172 1557 1230 1627 οὐκ
1253 1556 1397 1640 εὐτυχὲς,

525 1667 746 1759 ἐξιστορὴοων
769 1663 849 1754 εἶμι,
873 1665 1003 1753 μόχθον
1025 1664 1187 1745 Ἑλλάδος.

400 1787 499 1853 Cuius
523 1787 573 1852 rei
596 1806 697 1853 causa
721 1786 864 1852 adventu
887 1784 1029 1851 Achilhs
1058 1791 1175 1867 aperta
1197 1783 1252 1865 fit3
1285 1783 1314 1849 si
1339 1783 1424 1848 enim
1449 1783 1538 1864 Aga-

312 1878 439 1959 memno
463 1893 554 1959 intra
570 1893 747 1959 tentorium
767 1893 990 1974 remansisset,
1015 1910 1119 1972 neque
1141 1897 1178 1957 ut
1194 1890 1341 1957 Achilles
1358 1895 1391 1955 et
1407 1889 1538 1974 Clytae-

313 2005 436 2066 mestra
459 2007 691 2067 concurrerent
715 2001 910 2082 contigisset
940 1997 1139 2084 (u801sq.)
1172 2017 1276 2079 neque
1300 1997 1379 2063 illae
1403 1998 1443 2062 de
1466 1996 1537 2076 qui-

312 2109 372 2172 bus
403 2107 632 2187 colloquuntur
661 2126 715 2173 res
745 2107 807 2172 hoc
837 2106 907 2173 loeo
938 2105 1055 2189 peragi
1085 2105 1279 2188 potuissent.
1332 2103 1418 2170 Nam
1448 2109 1538 2187 post

312 2231 408 2292 quam
438 2232 497 2295 per
521 2231 630 2280 senem
658 2213 752 2280 illum
780 2215 820 2279 de
847 2213 984 2279 occultis
1012 2212 1163 2278 consiliIs
1186 2211 1443 2294 Agamemnonis
1466 2229 1536 2276 cer-

311 2319 414 2385 tiores
444 2320 526 2386 facti
556 2327 645 2403 sunt,
675 2321 822 2386 Achilles
851 2339 886 2386 se
908 2319 993 2384 nihil
1016 2319 1323 2402 praetermissurum
1352 2337 1424 2384 esse
1448 2318 1535 2383 iurat

312 2425 390 2506 quin
421 2426 595 2492 infamiam
625 2426 691 2492 sibi
719 2426 855 2492 allatam
884 2427 1076 2508 ulciscatur,
1108 2433 1206 2506 atque
1230 2424 1471 2509 Clytaemestra
1499 2442 1535 2490 se

312 2531 416 2598 filiam
449 2532 601 2600 manibus
635 2532 742 2616 patris
782 2537 967 2615 erepturam
1006 2551 1077 2599 esse
1115 2531 1282 2614 promittit
1320 2529 1381 2616 (cl.
1406 2549 1438 2596 v.
1460 2530 1534 2611 835,

312 2639 386 2722 961,
412 2640 477 2705 970
493 2639 564 2726 sq).

400 2745 451 2813 Ob
475 2748 605 2812 easdem
630 2765 747 2813 causas
771 2745 973 2829 Hippolytus
997 2744 1124 2831 (Hipp.
1142 2767 1172 2813 v.
1190 2745 1284 2832 659),
1315 2744 1535 2828 Polyphemus

312 2851 431 2940 (Cycl.
457 2873 487 2921 v.
508 2855 569 2919 129
583 2853 659 2938 sq),
697 2853 862 2919 Pentheus
894 2852 1048 2938 (Bacch.
1073 2850 1300 2938 v.215sq.)1)
1333 2850 1536 2932 aliquamdiu

312 2961 405 3026 domo
421 2961 539 3027 remoti
562 2967 647 3044 sunt,
673 2960 729 3041 qui
745 2961 824 3025 data
839 2960 1012 3026 occasione
1035 2959 1070 3025 in
1086 2960 1230 3043 priorem
1254 2960 1359 3026 locum
1379 2959 1534 3025 reditent.

401 3067 473 3151 Qua
496 3069 538 3134 ab
562 3067 691 3133 ratione
714 3087 780 3132 non
802 3068 938 3133 multum
962 3066 1076 3133 differt
1098 3068 1195 3133 haec:

400 3174 439 3240 In
478 3175 690 3256 Iphigenia
728 3175 814 3240 enim
848 3174 1020 3240 Taurica
1065 3175 1138 3240 fieri
1181 3192 1245 3240 non
1284 3179 1415 3256 poterat
1458 3173 1535 3254 quin

312 3280 446 3346 Orestes
469 3280 676 3366 Pyladesque
699 3281 890 3364 priusquam
914 3281 1003 3363 capti
1026 3281 1221 3363 Iphigeniae
1246 3281 1452 3362 dederentur,
1480 3301 1535 3346 ex-

310 3386 475 3469 plicarent
502 3390 587 3454 unde
610 3387 778 3455 venissent
806 3393 904 3468 atque
928 3389 1006 3469 quid
1035 3389 1100 3454 sihi
1123 3389 1256 3456 vellent.
1304 3389 1394 3472 Quas
1417 3389 1460 3455 ad
1483 3408 1535 3454 res

312 3496 582 3562 demonstrandas
612 3501 649 3561 ut
679 3515 738 3561 ora
767 3495 949 3578 maritima,
981 3496 1024 3561 ad
1054 3514 1150 3576 quam
1181 3495 1379 3578 appulerant
1408 3515 1533 3577 nauem,

311 3602 411 3668 multo
435 3602 541 3684 magis
565 3603 684 3669 idonea
708 3601 774 3669 fuit
796 3602 917 3684 templo
934 3603 1064 3668 Dianae
1087 3603 1158 3685 ipso
1181 3622 1241 3684 per
1261 3607 1363 3668 totam
1388 3602 1534 3669 fabulam

310 3715 568 3791 repraesentato,
593 3709 642 3775 ita
665 3708 750 3775 hunc
773 3709 904 3774 unicum
928 3710 970 3775 ad
994 3709 1100 3775 locum
1124 3729 1158 3775 se
1179 3709 1361 3775 conserunt.
1409 3709 1474 3776 Sed
1497 3729 1534 3775 ea

311 3815 440 3896 quidem
463 3836 500 3882 re
515 3823 614 3898 poeta
637 3815 671 3882 in
695 3816 834 3883 alteram
857 3816 976 3882 incidit
992 3814 1241 3898 difficultatem
1273 3816 1427 3897 quoniam
1450 3817 1534 3883 enim

310 3922 454 3988 interdiu
482 3941 584 4004 usque
614 3924 657 3989 ad
687 3924 772 3991 huno
801 3924 908 3992 locum
935 3923 1250 4006 periculosissimum
1279 3925 1435 4007 progredi
1463 3925 1534 3992 ausi

292 4035 396 4113 sunt,
421 4029 505 4095 nihil
527 4033 682 4097 obstabat
705 4051 745 4096 ne
766 4031 922 4114 templum
945 4030 1052 4113 ipsum
1075 4030 1253 4097 introirent
1277 4037 1310 4097 et
1325 4031 1533 4098 simulacrum

312 4137 391 4202 deae
414 4144 578 4219 raperent.
626 4139 720 4223 Quod
747 4157 819 4205 cum
842 4141 941 4221 plane
964 4139 1157 4205 ahhorreret
1186 4140 1228 4205 ab
1251 4139 1357 4221 ipsius
1386 4139 1533 4220 consiho,

310 4243 489 4326 Euripides
522 4246 677 4327 templum
708 4246 809 4312 muris
840 4246 888 4311 ita
917 4245 1077 4312 munitum
1109 4265 1179 4311 esse
1209 4245 1320 4328 finxit,
1354 4251 1392 4312 ut
1421 4246 1473 4312 illi
1500 4263 1534 4311 se

310 4351 455 4417 interdIu
486 4353 692 4435 propositum
725 4372 883 4436 peragere
912 4372 1009 4436 posse
1039 4354 1252 4436 desperarent
1281 4360 1380 4434 atque
1410 4353 1532 4419 infecta

403 4565 421 4635 ¹)
442 4564 483 4622 Ol.
503 4565 619 4635 Lobeolq
639 4565 761 4634 Sophoel.
776 4567 846 4620 Aiax
870 4565 932 4622 adn
952 4565 987 4620 ad
1006 4581 1029 4622 v.
1044 4566 1104 4620 813.
