3442 5324
664 517 718 524 μ-
749 425 793 488 83

369 637 425 703 καὶ
447 635 511 726 μὴν
534 633 648 704 Δόλων
671 661 705 722 γε
727 634 822 704 τάσδ’
844 634 987 725 ἔφραζεν
1003 633 1156 724 Ἕκτορος

369 743 491 823 κοίτας,
516 742 569 833 ἐφ’
593 733 683 834 ᾧπερ
707 741 800 829 ἔγχος
823 741 991 811 εἵλκυσται
1013 741 1099 810 τόδε.

246 870 371 953 Quibus
405 870 490 938 viris
522 872 608 952 quod
641 871 816 936 Hectorem
855 889 920 958 non
958 869 1146 936 invenerint
1179 870 1381 952 perturbatis

156 977 308 1044 Minerva
330 977 456 1044 auxilio
479 977 573 1044 venit
595 978 676 1044 haee
699 979 839 1044 suadens
863 976 906 1063 (v.
924 975 1106 1062 598-99):

582 1097 688 1190 ἄνδρα
711 1099 740 1168 d'
761 1099 801 1167 οὐ
823 1099 981 1168 πέπυσθε
1004 1098 1176 1185 σύμμαχον

372 1208 476 1297 Τροίᾳ
499 1206 642 1293 μολόντα
664 1207 777 1298 Ῥῆσον
801 1206 840 1275 οὐ
863 1205 980 1298 φαύλῳ
1003 1205 1135 1297 rodam,-

156 1322 189 1381 et
212 1337 243 1384 v.
261 1317 453 1382 605--6062

369 1426 485 1489 τοῦτον
507 1419 669 1499 κατακτὰς
692 1420 788 1488 πάντ’
811 1421 906 1506 ἔχεις.
944 1421 1005 1499 τὰς
1028 1419 1058 1489 δ’
1073 1420 1227 1511 Ἕκτορος

369 1525 466 1606 εὐνὰς
488 1527 587 1596 ε”ααον
609 1531 665 1595 καὶ
688 1527 897 1619 καρατόμους
921 1526 1060 1618 σφαγάς.

246 1656 371 1740 Quibus
405 1655 516 1723 verbis
556 1655 701 1737 acceptis
735 1656 852 1723 Ulixes
892 1661 923 1721 et
958 1655 1133 1721 Diomedes
1172 1675 1292 1722 scaena
1327 1658 1381 1721 de-

155 1766 284 1845 cedunt
309 1769 346 1829 ut
368 1781 452 1844 quae
476 1763 537 1829 dea
560 1763 696 1829 iusserit
719 1762 902 1844 perficiant.
944 1763 980 1828 Si
1004 1763 1090 1829 enim
1113 1771 1211 1845 poeta
1235 1764 1382 1845 tragicus

155 1873 333 1936 Homerum
364 1874 495 1936 secutus
523 1869 655 1938 Ulixem
686 1877 719 1936 et
741 1869 933 1936 Diomedem
964 1891 1001 1936 eo
1033 1870 1189 1953 temporis
1219 1877 1380 1937 momento

154 1979 335 2060 producere
368 1977 541 2059 voluisset,
581 1996 643 2058 quo
682 1997 741 2059 per
775 1977 935 2044 Dolonem
974 1979 1013 2043 de
1052 1977 1242 2044 condicione
1280 1977 1382 2043 Rhesi

155 2087 273 2151 fierent
289 2085 456 2168 certiores
481 2104 600 2151 scaena
623 2087 779 2151 mutanda
801 2085 919 2151 fuerat.
960 2085 1005 2149 At
1027 2090 1064 2150 ut
1085 2085 1276 2167 priusquam
1301 2084 1382 2149 illud

156 2192 287 2258 facinus
311 2191 550 2273 commiserint,
574 2191 816 2274 spectatoribus
840 2198 917 2258 ante
941 2192 1052 2258 oculos
1075 2198 1253 2274 ponantur,
1284 2196 1382 2274 poeta

157 2301 268 2365 facere
305 2319 369 2364 non
403 2304 513 2381 potest
546 2299 625 2380 quin
655 2320 676 2364 a
704 2299 896 2365 narratione
926 2299 1103 2365 Homerica
1133 2299 1295 2366 discedat:
1344 2317 1381 2364 eo

155 2407 242 2487 quod
264 2406 407 2471 Rhesum
435 2412 525 2488 post
552 2406 677 2472 abitum
705 2406 845 2472 Dolonis
875 2407 919 2472 ad
946 2413 1057 2472 castra
1079 2406 1295 2472 Troianorum
1324 2407 1381 2470 ad-

155 2512 341 2580 venientem
376 2512 499 2595 reddit,
540 2511 647 2579 efficit
680 2519 717 2578 ut
745 2513 830 2580 Dolo
862 2513 1022 2580 adventus
1054 2513 1217 2580 Thracum
1252 2513 1382 2579 nescius

156 2639 211 2686 eos
241 2621 283 2685 ad
312 2619 489 2686 tentorium
511 2620 666 2686 Hectoris
693 2639 813 2687 scaena
834 2625 1118 2703 repraesentatum
1140 2621 1266 2704 mittat,
1298 2621 1382 2686 unde

155 2727 308 2794 Minerva
330 2727 407 2794 illos
430 2727 465 2794 in
487 2728 590 2794 Rhesi
613 2728 722 2794 cubile
745 2728 902 2796 invadere
925 2728 1038 2795 iubeat
1048 2727 1082 2814 1).

155 2873 368 2881 ——————-

247 2961 266 3028 ¹)
286 2961 374 3027 Quam
401 2959 615 3028 discrepantiam
639 2960 712 3014 inter
738 2959 886 3015 Homerum
912 2965 941 3014 et
966 2965 1076 3029 poetam
1100 2962 1237 3029 tragicum
1264 2964 1381 3028 exstare,

156 3051 238 3103 etiarn
259 3049 472 3118 Hagenbacbius
496 3048 547 3118 (De
566 3048 656 3103 Rheso
674 3049 820 3119 tragoedia
838 3067 864 3118 p.
878 3050 923 3119 21)
947 3049 1118 3104 observavit:
1142 3049 1262 3118 „Noster
1279 3049 1383 3102 obitura

157 3138 274 3193 Dolonis
300 3145 362 3192 onte
385 3137 470 3192 Rhesi
494 3139 637 3192 adventum
655 3140 752 3206 ponta
781 3139 855 3207 apud
878 3139 980 3208 epicum
1000 3145 1111 3206 poetam
1135 3139 1254 3194 Graecos
1279 3139 1312 3193 dc
1333 3139 1381 3192 ad-

155 3234 236 3282 ventu
254 3227 340 3283 Rhesi
359 3228 433 3283 Dolo
447 3228 517 3297 fecit
535 3228 685 3283 certior·eo“.
724 3229 775 3283 Sed
794 3245 848 3295 qua
871 3245 955 3284 causa
974 3234 1124 3284 commotus
1143 3235 1224 3298 poeta
1242 3228 1292 3283 hoc
1311 3229 1382 3282 fece-

155 3318 193 3372 rit
210 3321 294 3373 tacet.
