3442 5324
738 407 781 475 63

236 623 343 704 Atque
395 623 429 688 in
476 623 723 705 Iphigenia
769 621 966 688 Taurica
1012 620 1155 687 'Phoanti
1201 620 1373 702 quaerenti

146 728 415 816 (v.1153-54):

360 838 427 902 ποῦ
449 833 516 903 ’σθ’
540 834 560 925 ἦ
583 835 737 925 πυλωρὸς
759 839 863 902 τῶνδε
887 833 1048 921 δωμάτων
1070 832 1149 924 γυνὴ

360 941 523 1032 Ἐλληνίςς

145 1060 265 1126 chorus
288 1061 464 1143 respondet
487 1061 667 1147 (v.1156):

360 1164 411 1256 ἥδ’
435 1166 534 1246 ἐστίν,
558 1165 579 1257 ἢ
603 1190 656 1235 σοι
679 1165 788 1246 πάντ’,
812 1164 906 1251 άναξ,
930 1166 1000 1256 ἐρεῖ
1023 1169 1148 1256 σαφῶς.

235 1417 353 1483 Restat
390 1424 426 1483 ut
456 1419 495 1483 de
527 1417 571 1484 iis
603 1417 686 1484 locis
722 1421 824 1484 verba
854 1417 992 1500 faciam,
1026 1417 1145 1498 quibus
1182 1436 1375 1500 personae

146 1523 404 1590 advenientes
440 1525 557 1590 choro
592 1524 746 1591 omnino
782 1525 963 1608 neglecto
998 1523 1110 1606 ipsae
1145 1525 1191 1590 ad
1228 1524 1374 1589 domum

145 1631 373 1696 consistunt
396 1630 607 1712 hominesque
631 1631 687 1712 qui
711 1631 823 1697 insunt
846 1637 994 1697 evocant.

235 1736 275 1803 In
296 1737 528 1804 Phoenissis
552 1738 638 1804 enim
662 1739 805 1821 nuntius,
827 1744 1001 1820 postquam
1023 1739 1065 1804 ad
1082 1739 1207 1820 regiam
1224 1739 1375 1804 locastae

147 1845 309 1928 pervenit,
335 1845 498 1911 exclamat
522 1845 565 1932 (v.
586 1845 790 1932 1067-68);

360 1957 419 2049 (δὴ,
442 1960 494 2037 τίς
517 1958 552 2027 ἓν
574 1958 713 2027 πύλαισι
738 1959 901 2045 δωμάτων
922 1966 1033 2049 κυρεῖ,·

360 2064 535 2151 ἀνοίγετ’,
560 2065 782 2157 ἐκπορεύετ’
804 2065 997 2157 Ἰοκάστην
1021 2065 1160 2164 δόμων.

236 2185 348 2267 Neque
377 2185 433 2252 diu
456 2192 617 2268 moratur,
650 2204 723 2252 cum
746 2186 879 2252 Iocasta
902 2186 1045 2253 elamore
1073 2186 1132 2252 illo
1161 2186 1274 2251 audito
1303 2184 1376 2268 ipsa

147 2295 188 2359 de
212 2293 306 2374 regia
329 2292 479 2377 procedit
501 2293 554 2359 his
577 2294 688 2360 verbis
713 2293 757 2380 (v.
777 2293 982 2379 1072-74);

362 2400 389 2474 ὦ
412 2406 554 2498 φίλτατ’,
578 2401 598 2498 ἦ
620 2433 687 2475 που
710 2406 886 2498 ξυμφορὰν
909 2406 998 2498 ἥκεις
1021 2407 1133 2498 φέρων

362 2513 564 2593 Ἐτεοκλέους
585 2516 759 2596 θανόντος,
784 2506 824 2583 οὗ
846 2513 930 2606 παρ’
953 2514 1082 2584 ἀσπίδα

361 2623 504 2713 βέβηκας
525 2621 579 2691 αἐί
602 2623 770 2709 πολεμίων
793 2626 910 2712 εἴργων
932 2622 1034 2712 βέλη,·

238 2749 400 2817 Similiter
433 2749 467 2815 in
494 2750 707 2833 Iphigenia
730 2749 940 2816 Aulidensi
970 2768 1069 2815 senex
1098 2749 1156 2815 ille
1185 2749 1238 2815 cui
1266 2749 1376 2814 Mene-

147 2858 222 2924 laus
249 2857 424 2939 epistulam
453 2863 626 2939 erepturus
657 2865 707 2924 est
740 2857 1016 2940 Agamemnonem
1046 2857 1097 2922 his
1121 2856 1232 2924 verbis
1261 2862 1378 2922 evocat

148 2965 193 3049 (v.
211 2963 394 3049 314-16):

363 3062 390 3137 ὦ
412 3067 556 3149 δέσποτ’,
579 3067 819 3154 ἀδικούμεσθα.
860 3067 921 3147 σάς
945 3067 974 3137 δ’
997 3066 1175 3146 ἐπιστολὰς

363 3175 555 3266 ἐξαρπάσας
579 3175 627 3244 ὅδ’
651 3175 685 3243 ἐκ
708 3180 813 3266 χερῶν
836 3175 923 3260 ἐμῶν
946 3175 1015 3265 βίᾳ,

363 3281 574 3369 Ἀγάμεμνον,
598 3282 695 3351 οὐδέν
717 3289 758 3372 τῇ
781 3284 855 3372 δίκῃ
878 3287 1027 3374 χρῆσθαι
1050 3281 1155 3350 θέλει.

238 3409 364 3494 Quibus
391 3411 502 3478 verbis
530 3411 653 3476 auditis
681 3430 741 3476 rex
770 3411 841 3493 ipse
870 3411 964 3476 domo
992 3409 1203 3492 progreditur
1231 3408 1274 3495 (v.
1297 3409 1375 3494 317)

150 3535 327 3598 quaerens:

363 3606 416 3683 τίς
438 3603 512 3672 ποτ’
536 3605 571 3672 έν
593 3604 734 3673 πύλαισι
756 3604 906 3695 θόρυβος
928 3607 983 3673 καὶ
1007 3603 1110 3690 λόγων
1133 3602 1296 3689 α’κοσμίας

242 3733 332 3817 Quae
348 3733 435 3798 ratio
452 3733 552 3798 etiam
569 3733 603 3798 in
618 3733 670 3798 his
687 3731 812 3800 fabulis
829 3733 1018 3799 adhibetur:
1043 3731 1181 3797 Troad.
1198 3753 1229 3798 v.
1244 3731 1310 3797 880
1317 3751 1375 3814 sq,

151 3841 298 3906 Electr.
323 3860 353 3907 v.
376 3840 441 3905 487
454 3857 501 3920 sq.
532 3846 565 3905 et
597 3840 737 3922 torsa,
781 3839 919 3905 Bacch.
945 3859 975 3906 v.
1001 3839 1064 3904 170
1076 3857 1139 3920 sq,
1186 3839 1266 3920 Iph.
1292 3837 1376 3904 Aul.

150 3968 181 4015 v.
199 3947 262 4013 801
276 3967 324 4028 sq.

241 4054 348 4136 Atque
379 4055 464 4120 hanc
487 4053 615 4135 quidem
645 4054 821 4137 rationem,
854 4053 974 4136 quippe
998 4072 1094 4135 quam
1125 4073 1146 4119 a
1172 4053 1278 4136 poetis
1309 4059 1377 4118 tra-

152 4161 237 4244 gicis
267 4167 400 4244 praeter
429 4160 624 4243 Euripidem
655 4161 839 4228 adhibitam
869 4181 934 4227 non
964 4160 1185 4243 inveniamus,
1215 4159 1377 4226 recentio-

152 4287 219 4334 rem
253 4287 324 4334 esse
357 4287 454 4349 quam
485 4267 544 4333 illa
575 4287 658 4349 quae
688 4268 723 4333 id
754 4274 896 4351 spectat,
930 4273 967 4333 ut
996 4267 1187 4349 priusquam
1217 4285 1377 4350 personae

152 4376 364 4443 advenientes
386 4375 533 4442 homines
557 4375 724 4456 quaesitos
747 4375 959 4457 conveniant,
989 4376 1122 4441 chorum
1145 4376 1280 4456 adeant,
1310 4374 1376 4440 iam

153 4501 211 4564 per
233 4502 269 4548 se
291 4481 362 4550 veri
388 4489 437 4550 est
460 4482 577 4548 simile.
617 4483 731 4563 Neque
760 4484 846 4549 enim
869 4483 974 4566 primo
997 4482 1127 4563 quidem
1150 4481 1224 4547 fieri
1247 4486 1377 4564 poterat

152 4598 189 4656 ut
217 4590 297 4657 illae
327 4592 460 4656 chorum
495 4591 530 4656 in
561 4611 680 4657 scaena
710 4597 916 4673 praesentem
946 4590 1044 4673 plane
1076 4589 1378 4672 praetermitterent
