3428 5310
745 425 765 490 5

228 642 300 708 Ηοο
335 647 407 708 erat
452 642 539 722 quod
569 642 609 707 de
638 646 784 723 tempore
815 639 1045 722 explicandum
1080 661 1153 708 esse
1182 662 1364 726 censerem;

141 771 215 816 nam
244 749 322 832 quin
356 749 390 815 in
422 749 552 829 reliqua
584 747 719 815 fabulae
746 753 842 830 parte
876 748 946 815 dies
979 749 1064 815 idem
1092 749 1138 815 sit
1167 751 1224 830 qui
1256 757 1364 834 antea,

140 858 261 924 nemini
292 857 425 922 dubium
453 875 525 922 esse
549 861 666 939 potest.
715 855 801 940 Quin
825 855 925 922 etiam
949 860 1094 922 statuere
1118 875 1289 938 possumus
1313 858 1365 924 fa-

140 965 216 1034 bula
248 965 322 1048 ipsa
353 970 490 1031 exeunte
522 969 649 1030 noctem
680 963 821 1030 nondum
852 963 1035 1030 advenisse.
1075 964 1161 1030 Nam
1185 965 1365 1048 Aegisthus

139 1073 239 1139 solem
268 1072 392 1140 salutat
425 1071 467 1159 (v.
488 1070 603 1157 1577),
639 1073 725 1152 quod
758 1071 824 1137 nisi
856 1090 929 1137 cum
958 1071 1081 1154 luceat,
1115 1071 1268 1155 intellegi
1300 1093 1365 1140 non

138 1185 255 1262 potest.

227 1287 291 1355 Sed
325 1287 424 1354 etiam
457 1287 770 1370 Choephororum
806 1285 940 1352 fabulae
975 1287 1063 1353 actio
1098 1307 1194 1354 mane
1228 1287 1363 1372 incipit;

137 1414 213 1461 nam
234 1396 352 1462 chorus
377 1393 575 1461 famularum
599 1413 634 1460 se
658 1393 943 1478 aGlytaemestra‚
969 1394 1089 1476 quippe
1105 1414 1189 1475 quae
1213 1397 1365 1462 taeterri-

135 1504 198 1569 mis
223 1502 360 1569 somniis
388 1501 558 1568 nocturnis
582 1507 793 1568 consternata
821 1507 922 1584 esset,
953 1502 1089 1568 missum
1113 1522 1184 1569 esse
1208 1503 1363 1586 explicat,

135 1617 172 1676 ut
196 1612 332 1676 umbrae
356 1609 611 1692 Agamemnonis
635 1609 758 1675 libaret
780 1609 824 1695 (v.
842 1607 1004 1694 44-4o):

350 1721 483 1791 τοιάνδε
504 1722 602 1814 χάριν
624 1721 783 1814 ἀχάριτον
806 1721 999 1813 ἀπότροπον
1021 1728 1138 1804 κακῶν,

353 1829 393 1898 ἰῶ
415 1837 494 1917 χαῖα
516 1837 612 1916 μαῖα,
635 1830 771 1916 μωμένα
794 1829 828 1917 μ’
853 1829 959 1898 ἰάλλει

351 1937 496 2017 δύσθεος
517 1936 608 2024 χυνά.

134 2053 199 2120 Sed
225 2067 385 2116 unacum
409 2050 507 2114 rebus
523 2048 677 2132 gerendis
701 2048 771 2114 dies
794 2047 1021 2130 progreditur;
1054 2067 1128 2114 nam
1153 2067 1249 2115 servo
1273 2048 1363 2116 fores

132 2160 249 2242 regiae
273 2155 436 2241 aperienti
459 2155 592 2223 Orestes
617 2155 699 2221 dicit
722 2153 765 2241 (v.
783 2153 966 2240 660-62);

350 2269 469 2354 τάχυνε
492 2269 531 2350 δ’,
555 2269 602 2348 ως
624 2272 679 2338 καὶ
703 2267 840 2348 νυκτὸς
863 2267 956 2360 ἅρμ’
979 2268 1181 2357 ἐποίχεται

351 2377 568 2459 σκοτεινόν,
592 2375 663 2467 ὥρα
686 2376 716 2445 δ’
739 2376 907 2466 ἐμπόρους
929 2376 1084 2446 καθιέναι

351 2483 494 2574 ἄγκυραν
517 2485 552 2552 ἐν
575 2483 710 2570 δόμοισι
732 2482 911 2562 πανδόκοις
934 2483 1044 2570 ξένων.

132 2607 244 2688 Atque
269 2605 355 2671 idem
378 2604 444 2670 diei
467 2609 595 2687 tempus
619 2603 786 2671 indicatur
808 2603 959 2670 versibus
983 2603 1175 2670 uno-711:

350 2716 420 2785 ἀλλ’
443 2715 517 2786 ἐσθ’
540 2716 558 2785 ό
581 2716 695 2809 καιρός
718 2716 939 2809 ἡμερεύοντας
961 2716 1074 2803 ξένους

350 2829 479 2914 μακράς
501 2824 662 2894 κελεύθου
684 2824 855 2912 τυγχάνειν
877 2824 918 2893 τὰ
941 2824 1130 2917 πρόσφορα.

133 2947 264 3032 Quibus
287 2944 370 3011 locis
387 2962 581 3025 quamquam
605 2951 734 3010 noctem
749 2944 803 3010 vel
818 2964 991 3027 vesperum
1015 2944 1081 3010 iam
1098 2946 1363 3027 appropinquare

131 3054 293 3135 uidimuS,
333 3058 441 3118 tamen
478 3070 544 3118 non
580 3071 652 3118 cum
686 3049 982 3138 Wilamowitzi01)
1018 3051 1174 3134 colligere
1209 3054 1362 3117 debemus

131 3165 262 3226 noctem
285 3159 352 3225 iam
376 3160 505 3241 adesse,
536 3160 622 3240 quod
645 3159 807 3242 Aegistho
832 3159 998 3226 trucidato
1022 3178 1137 3226 servus
1166 3160 1209 3225 ad
1231 3167 1362 3242 portam

132 3267 396 3353 Clytaemestrae
420 3267 471 3332 his
495 3286 573 3334 usus
597 3266 707 3334 verbis
732 3266 956 3333 contendisset
979 3267 1023 3352 (v.
1040 3263 1225 3352 882-83):

349 3388 497 3471 κωφοῖς
520 3379 610 3449 άύτιῦ
632 3383 687 3450 καὶ
710 3380 980 3450 καθεύδουσιν
1002 3380 1110 3471 μάτην

349 3486 494 3578 ἄκραντα
517 3488 619 3576 βάζω.
653 3495 714 3557 ποῖ
736 3487 1014 3580 Κλυταιμήστρας
1042 3489 1076 3556 τί
1099 3491 1164 3578 δρᾷ
1170 3489 1214 3577 ς’)

226 3608 320 3692 Quod
353 3607 382 3674 si
415 3613 646 3690 statueremus,
682 3608 798 3690 paucis
831 3607 982 3674 versibus
1017 3614 1092 3690 post
1126 3607 1227 3674 solem
1258 3608 1362 3674 denuo

133 3721 285 3782 exortum
324 3733 395 3782 esse
433 3716 612 3798 putandum
652 3722 754 3796 esset;
798 3734 873 3781 nam
908 3715 1148 3799 Clytaemestra
1186 3715 1364 3781 interfecta

134 3823 271 3890 Orestes
295 3822 459 3890 exclamat
482 3823 563 3889 haec
586 3822 630 3909 (v.
648 3823 831 3908 984-86):

351 3990 359 4005 .
386 3991 393 4006 .
419 3992 434 4038 ·.
451 3936 496 4015 σός
519 3939 574 4026 ἴδῃ
601 3936 722 4028 πατὴρ,

351 4043 411 4128 ούχ
434 4041 546 4130 ούμός,
570 4042 641 4112 ἀλλ’
665 4043 682 4112 ὁ
705 4042 819 4112 πάντ’
843 4042 1072 4112 ἐποπτεύων
1095 4041 1188 4111 τάδε

345 4151 495 4233 Ἥλιος,
520 4150 644 4239 άναχνα
667 4151 792 4242 μητρός
815 4149 893 4243 ἐρχα
916 4156 975 4242 τῆς
998 4150 1087 4242 ἐμῆς.

136 4299 349 4310 -——-

229 4371 249 4438 ¹)
269 4367 413 4438 Aischylos
432 4367 548 4438 Orestis,
567 4367 604 4426 H.
618 4367 705 4424 Stdelr
722 4384 747 4438 p.
762 4369 804 4423 46.

228 4459 249 4528 ³)
268 4458 311 4513 Ol.
330 4458 423 4514 Plaut.
441 4457 526 4515 Stich.
545 4459 598 4514 311
609 4473 661 4526 sq.:

355 4547 423 4604 Viuo
440 4563 522 4616 ςκαοι
540 4547 643 4603 dudm
661 4547 705 4603 tic
722 4553 782 4604 usto
801 4554 827 4604 et
840 4549 930 4616 palte

352 4637 512 4694 Somnum
530 4653 663 4708 operum
680 4636 798 4694 dotis?
