3522 5310
874 285 894 348 6

296 477 502 565 philosophia
515 478 555 543 ab
564 477 738 545 Heraclide
747 481 879 547 Pontico
890 481 933 545 ad
945 479 1165 566 Pythagoram
1175 479 1440 546 transferebatur.
1448 481 1471 565 ¹)

297 586 370 667 Quo
385 586 504 650 factum
519 597 578 666 est,
598 596 631 650 ut
650 609 722 650 cuur
736 586 858 652 Thales
876 597 941 652 tum
950 587 1028 652 Bias
1039 597 1072 650 et
1083 588 1238 670 Pittacus,
1257 589 1318 653 viri
1327 589 1470 653 omnium

297 715 463 758 consensu
486 694 520 756 in
542 695 608 757 vita
631 705 663 758 et
679 717 741 758 usu
762 697 893 770 versati,
916 694 1032 758 fierent
1048 695 1134 758 vitae
1151 693 1377 779 neglegentes,
1401 697 1470 759 veri

297 800 392 864 ruodo
418 799 549 883 videndi
575 799 684 886 cupidi
709 810 981 888 perscrutatores,
1007 803 1061 888 qui
1091 824 1109 865 a
1134 800 1233 866 rebus
1259 800 1471 866 sensibilibus

297 930 372 972 sese
403 907 630 972 abstraherent
660 907 753 990 (Plat.
779 908 877 996 Hipp.
903 911 978 973 mai.
1004 930 1034 994 p.
1060 907 1159 974 2810
1182 915 1212 976 τί
1241 935 1315 978 ποτε
1346 912 1470 984 ταῖτιον,

297 1021 344 1084 ότι
378 1021 407 1084 οἱ
436 1021 558 1085 παλαιοὶ
586 1021 709 1092 ἐκεῖνοι,
747 1020 786 1084 ὧν
816 1020 954 1108 ὀνόματα
987 1023 1109 1107 μεγάλα
1131 1024 1257 1107 λέγεται
1288 1021 1334 1084 ἐπὶ
1368 1023 1470 1109 σοφία,

298 1127 453 1192 Πιττακοῦ
482 1151 518 1190 τε
547 1129 599 1191 καὶ
623 1128 751 1203 Βίαντος
774 1130 824 1192 καὶ
852 1137 913 1191 τῶν
941 1127 1019 1216 ἀμφὶ
1041 1130 1095 1190 τὸν
1119 1129 1263 1208 Μιλήσιον
1286 1124 1396 1208 Θαλῆν
1418 1129 1472 1192 καὶ

297 1235 343 1300 ἔτι
366 1243 427 1299 τῶν
451 1236 573 1322 ὕστερον
597 1235 915 1323 ρέχριἈναξαγόρου,
929 1239 975 1321 ,ὡς
996 1237 1015 1315 ῆ
1038 1237 1148 1312 πάντες
1169 1235 1234 1316 ῆοὶ
1247 1237 1357 1300 πολλοὶ
1373 1235 1472 1299 αὐτῶν

297 1345 453 1432 φαίνονται
476 1341 655 1429 ἀπεχόμενοι
676 1349 738 1405 τῶν
761 1344 923 1407 πολιτικῶν
938 1339 1097 1429 πράξεων).
1133 1335 1197 1401 Alii
1223 1339 1389 1424 sapientes
1414 1359 1471 1402 eos

296 1444 400 1509 fuisse
424 1466 560 1531 prorsus
588 1455 802 1529 negaverunt,
828 1443 928 1508 veluti
953 1443 1069 1509 Cicero
1105 1443 1145 1508 de
1170 1446 1265 1509 amic.
1290 1444 1359 1524 25:
1384 1445 1471 1509 Nam

296 1555 351 1635 qui
373 1557 488 1636 septem
504 1552 714 1635 appellantur,
729 1573 780 1618 eus
795 1555 849 1633 qui
864 1555 927 1617 istc
942 1553 1090 1617 srcbtilius
1106 1558 1270 1635 quaerunt,
1289 1554 1322 1616 in
1342 1573 1471 1618 numero

295 1662 486 1742 sapientium
523 1681 585 1724 κυιι
618 1660 741 1740 habeut,
782 1681 904 1746 eosque
941 1661 1028 1724 viros
1067 1669 1191 1723 tantum
1229 1659 1278 1723 rei
1317 1657 1470 1746 publicae

207 1842 211 1846 ,
296 1767 461 1854 gerendae
485 1789 605 1852 gnaros
629 1776 793 1852 putarunt.
830 1767 942 1853 (Diog.
959 1767 1068 1831 Laert.
1092 1767 1107 1830 I
1132 1767 1175 1832 40
1199 1773 1215 1836 ό
1238 1773 1275 1836 u
1290 1770 1471 1859 Δικαίαρχος

299 1879 370 1944 οὔτε
395 1883 505 1968 σοφοὺς
534 1877 604 1944 οὔτε
628 1875 812 1968 φιλοσόφους
840 1881 926 1968 φησὶν
950 1879 1060 1956 αὐτοὺς
1083 1882 1248 1966 γεγονέναι,
1273 1882 1414 1954 συνετοὺς
1436 1881 1472 1942 δέ

298 2009 381 2064 τινας
422 1989 473 2050 καὶ
512 1985 770 2074 νομοθετικοόῶ)
829 1980 995 2046 Aristotel
1035 1980 1132 2062 (hanc
1172 1982 1257 2045 enim
1297 1979 1469 2046 lectionem

299 2090 439 2175 optimus
463 2088 570 2153 codex
590 2087 817 2174 Gottingensis
834 2087 969 2176 praebet
984 2111 1043 2175 pro
1063 2087 1283 2180 Ἀριστοκλῆς)
1297 2091 1328 2152 in
1341 2086 1469 2172 dialogo

297 2203 363 2288 περὶ
378 2203 559 2291 φιλοσοφίας
571 2195 657 2282 apud
676 2195 832 2260 Ioannem
850 2194 1064 2282 Philoponurn
1077 2198 1110 2260 in
1125 2195 1265 2280 isagoge
1279 2193 1469 2259 Nicomachi

300 2305 462 2370 Geraseni
487 2302 551 2388 (ed,
578 2303 613 2368 R.
637 2302 764 2385 Hoohe‚
788 2302 901 2368 Wesel
932 2304 1017 2368 1864
1045 2327 1076 2388 p.
1099 2303 1157 2388 2)³)
1181 2308 1270 2370 πάλιν
1293 2305 1471 2394 ἀπέβλεψαν

297 2419 363 2503 περὶ
389 2421 431 2480 τὰ
458 2419 598 2481 πολιτικὰ
626 2419 793 2502 πράγματα
827 2417 879 2479 καὶ
915 2415 1034 2502 ἐξεῦρον
1068 2417 1179 2501 νόμους
1213 2417 1264 2478 καὶ
1298 2415 1396 2478 πάντα
1431 2418 1472 2478 τὰ

299 2532 484 2588 συνιστῶντα
512 2526 569 2598 τὰς
597 2525 712 2598 πόλεις·
752 2525 804 2587 καὶ
839 2523 951 2602 ταύτην
985 2525 1074 2588 πάλιν
1108 2523 1162 2601 τὴν
1198 2523 1326 2586 ἐπίνοιαν
1362 2524 1470 2608 σοφίαν

299 2633 463 2695 ἐκάλεσαν·
500 2638 636 2694 τοιοῦτοι
665 2633 724 2718 γὰρ
753 2629 830 2711 ἦσαν
860 2631 887 2694 οἱ
910 2621 936 2708 ζ’
962 2631 1050 2717 σοφοὶ
1073 2631 1230 2704 πολιτικός
1253 2650 1337 2704 τινας
1360 2627 1472 2713 ἀρετὰς

300 2740 445 2825 εὑρόντες.
493 2731 559 2797 Cic.
602 2732 642 2797 de
683 2755 717 2796 re
753 2731 839 2819 publ.
866 2731 880 2795 I
917 2735 927 2799 ί
931 2733 963 2816 7)
997 2733 1035 2796 12
1068 2731 1135 2798 Eos
1161 2753 1231 2797 uero
1254 2738 1368 2812 septem
1396 2752 1473 2812 quos

299 2840 415 2906 Graeci
438 2844 594 2922 sapientes
619 2842 867 2920 nominaverunt,
891 2861 995 2905 omnes
1013 2861 1116 2920 pereae
1141 2839 1225 2904 ον’όου
1250 2840 1283 2904 in
1311 2839 1416 2904 medio
1437 2859 1472 2902 re

294 2947 424 3028 publica
472 2969 535 3013 esse
588 2953 723 3012 versatos
803 2945 919 3011 Inedit.
971 2945 1150 3029 Vetieau.⁴)
1190 2950 1224 3014 οὐ
1259 2953 1318 3037 γὰρ
1345 2950 1472 3031 ἐζήτουν

300 3062 408 3125 ἐκεῖνοί
435 3083 480 3145 γε,
507 3059 531 3122 εἰ
569 3062 763 3124 πολιτευτέον
800 3059 871 3123 οὐδὲ
909 3067 984 3138 πῶς,
1033 3052 1101 3122 ἀλλ’
1142 3058 1348 3123 ἐπολιτεύοντο
1387 3058 1473 3122 αὐτοὶ

299 3161 424 3246 καλῶς).
501 3161 622 3226 Thales
662 3185 742 3226 sane
787 3185 806 3225 a
856 3163 973 3226 ceteris
1017 3165 1048 3226 in
1104 3161 1273 3249 republica
1332 3161 1471 3224 versatis

301 3293 400 3356 saepe
440 3272 631 3346 secernitur,
680 3271 800 3356 quippe
846 3272 899 3356 qui
937 3269 1026 3334 solus
1066 3291 1175 3334 rerum
1214 3281 1362 3334 naturam
1401 3290 1472 3356 per·

301 3387 463 3441 scrutatus
499 3380 550 3441 sit.
614 3376 786 3462 (Plutarch.
826 3376 891 3441 Sol.
928 3377 958 3453 3,
995 3377 1015 3440 5
1056 3383 1135 3458 όλως
1175 3381 1271 3446 ἔοικεν
1302 3384 1322 3461 ῆ
1359 3377 1471 3447 Θάλεω

301 3493 392 3575 μόνου
418 3492 509 3577 σοφία
532 3493 605 3554 τότε
628 3493 794 3577 περαιτέρω
819 3498 874 3570 τῆς
896 3492 998 3576 χρείας
1021 3490 1176 3566 ἐξικέσθαι
1199 3498 1238 3579 τῆ
1262 3491 1385 3576 berupto·
1410 3496 1473 3564 τοῖς

300 3599 335 3661 δὲ
364 3595 470 3673 ἄλλοις
498 3597 556 3661 ἀπό
582 3604 635 3676 τῆς
659 3599 811 3678 πολιτικῆς
840 3597 952 3684 ἀρετῆς
978 3595 1113 3684 τοῦνομα
1140 3605 1197 3676 τῆς
1224 3599 1332 3684 σοφίας
1355 3597 1472 3682 ὑπῆρξε.

302 3701 438 3784 August.
464 3700 504 3764 de
529 3701 615 3763 civit.
641 3699 694 3762 dei
717 3698 800 3763 VIII
825 3701 844 3764 2
869 3701 973 3765 Ioniei
1002 3720 1068 3764 uero
1091 3701 1214 3782 ueneris
1236 3702 1382 3781 princeps
1409 3701 1473 3780 tait

305 3807 416 3872 Thalea
428 3807 587 3888 Μιίοοίαο,
609 3829 692 3871 uarias
704 3807 832 3872 illorum
848 3813 964 3887 septem
986 3810 1040 3887 (μοι’
1056 3815 1129 3872 suat
1142 3805 1295 3888 appellati
1306 3809 1471 3887 sopieratea

368 3963 373 3968 .
408 3961 512 3970 ——--

389 4041 407 4102 ’ί
428 4039 499 4092 Plat.
521 4039 598 4106 Apol.
618 4038 654 4090 20
674 4039 705 4091 l).
724 4037 758 4090 23
778 4037 808 4092 A.
830 4039 947 4091 I'baedr.
968 4037 1021 4090 278
1040 4037 1072 4092 D.
1097 4038 1131 4090 de
1158 4036 1348 4106 Wilamowitu,
1374 4037 1472 4092 Philot.

305 4127 413 4181 Unters.
433 4127 446 4180 I
466 4146 492 4196 p.
513 4127 573 4180 214.
645 4175 648 4182 .

392 4218 412 4281 'J
433 4217 473 4270 ct.
495 4217 581 4270 etiam
611 4215 630 4269 1.
661 4217 695 4269 de
715 4216 820 4280 Arnim,
850 4216 990 4270 Ineditum
1020 4217 1193 4280 Vaticanum,
1222 4217 1339 4270 Hermes
1369 4215 1472 4269 XXVII

302 4305 395 4374 (1892)
414 4325 440 4374 p.
464 4307 525 4358 120:
547 4310 685 4377 Δικαιάρχῳ
705 4306 734 4361 δέ
752 4305 810 4361 οὐδὲ
829 4313 910 4360 ταῦτα
930 4309 977 4376 (sc.
998 4307 1084 4369 dicta)
1106 4314 1190 4376 σοφῶν
1213 4300 1275 4363 εἶναι
1288 4307 1386 4375 ἀνδρῶν
1406 4311 1476 4362 δοκεῖ

304 4400 333 4447 ot
352 4413 377 4464 p.
401 4397 458 4450 1⁶26.
480 4395 562 4460 Diels,
584 4395 660 4449 Post.
681 4395 781 4448 Philus.
803 4395 856 4464 frg.
878 4415 901 4464 p.
924 4398 963 4448 10.

397 4487 418 4548 a)
439 4484 584 4540 Ot'.etian1
605 4484 858 4552 Byuate1·,.iouru.
879 4485 910 4538 of
927 4485 1023 4541 PhiIoI.
1044 4484 1095 4539 VII
1116 4484 1206 4554 (tart)
1227 4505 1252 4556 ρ.
1273 4486 1314 4538 6ίί

396 4579 417 4641 ⁴)
438 4574 478 4630 Of.
500 4575 520 4630 l.
542 4575 575 4630 de
595 4574 692 4629 Arnim
711 4575 727 4628 l.
749 4577 764 4629 Ι.
785 4593 811 4646 p.
833 4575 890 4629 120.
