<?xml version="1.0" encoding="UTF-8"?>
<!DOCTYPE html PUBLIC "-//W3C//DTD XHTML 1.0 Transitional//EN"
    "http://www.w3.org/TR/xhtml1/DTD/xhtml1-transitional.dtd">
<html xmlns="http://www.w3.org/1999/xhtml" xml:lang="en" lang="en">
 <head>
  <title>
</title>
<meta http-equiv="Content-Type" content="text/html;charset=utf-8" />
  <meta name='ocr-system' content='tesseract 3.04.00' />
  <meta name='ocr-capabilities' content='ocr_page ocr_carea ocr_par ocr_line ocrx_word'/>
</head>
<body>
  <div class='ocr_page' id='page_1' title='image "./deviatqueindole00cohngoog/deviatqueindole00cohngoog_0070.png"; bbox 0 0 3522 5310; ppageno 0'>
   <div class='ocr_carea' id='block_1_1' title="bbox 778 342 820 408">
    <p class='ocr_par' dir='ltr' id='par_1_1' title="bbox 778 342 820 408">
     <span class='ocr_line' id='line_1_1' title="bbox 778 342 820 408; baseline -0.024 0"><span class='ocrx_word' id='word_1_1' title='bbox 778 342 820 408; x_wconf 84' lang='lat'>51</span> 
     </span>
    </p>
   </div>
   <div class='ocr_carea' id='block_1_2' title="bbox 698 433 910 443">
    <p class='ocr_par' dir='ltr' id='par_1_2' title="bbox 698 433 910 443">
     <span class='ocr_line' id='line_1_2' title="bbox 698 433 910 443; baseline 0.009 -2"><span class='ocrx_word' id='word_1_2' title='bbox 698 433 910 443; x_wconf 51' lang='grc' dir='ltr'><strong>..ψ-.-</strong></span> 
     </span>
    </p>
   </div>
   <div class='ocr_carea' id='block_1_3' title="bbox 218 541 1390 846">
    <p class='ocr_par' dir='ltr' id='par_1_3' title="bbox 218 541 1390 846">
     <span class='ocr_line' id='line_1_3' title="bbox 218 541 1388 635; baseline 0.006 -30"><span class='ocrx_word' id='word_1_3' title='bbox 218 543 322 606; x_wconf 82' lang='grc' dir='ltr'>δοῖναι</span> <span class='ocrx_word' id='word_1_4' title='bbox 344 551 405 608; x_wconf 77' lang='grc' dir='ltr'>τῶν</span> <span class='ocrx_word' id='word_1_5' title='bbox 422 553 524 631; x_wconf 81' lang='grc' dir='ltr'>σοφῶν</span> <span class='ocrx_word' id='word_1_6' title='bbox 544 543 681 630; x_wconf 81' lang='grc' dir='ltr'>ὀνηῖστφ.</span> <span class='ocrx_word' id='word_1_7' title='bbox 691 542 715 623; x_wconf 88' lang='lat'>¹)</span> <span class='ocrx_word' id='word_1_8' title='bbox 746 543 866 626; x_wconf 83' lang='grc' dir='ltr'>Ἐδόθη</span> <span class='ocrx_word' id='word_1_9' title='bbox 881 546 921 626; x_wconf 80' lang='grc' dir='ltr'>δὴ</span> <span class='ocrx_word' id='word_1_10' title='bbox 938 541 1031 635; x_wconf 78' lang='grc' dir='ltr'>Θαλῇ</span> <span class='ocrx_word' id='word_1_11' title='bbox 1054 546 1106 608; x_wconf 86' lang='grc' dir='ltr'>καὶ</span> <span class='ocrx_word' id='word_1_12' title='bbox 1129 546 1208 632; x_wconf 85' lang='grc' dir='ltr'>μετὰ</span> <span class='ocrx_word' id='word_1_13' title='bbox 1231 547 1285 626; x_wconf 79' lang='grc' dir='ltr'>τὴν</span> <span class='ocrx_word' id='word_1_14' title='bbox 1308 550 1388 634; x_wconf 89' lang='grc' dir='ltr'>περί-</span> 
     </span>
     <span class='ocr_line' id='line_1_4' title="bbox 220 645 1390 742; baseline 0.003 -30"><span class='ocrx_word' id='word_1_15' title='bbox 220 650 291 712; x_wconf 92' lang='grc' dir='ltr'>οδον</span> <span class='ocrx_word' id='word_1_16' title='bbox 313 652 401 714; x_wconf 88' lang='grc' dir='ltr'>πάλιν</span> <span class='ocrx_word' id='word_1_17' title='bbox 426 647 528 742; x_wconf 75' lang='grc' dir='ltr'>Θαλῇ.</span> <span class='ocrx_word' id='word_1_18' title='bbox 552 646 632 732; x_wconf 89' lang='grc'>(29.)</span> <span class='ocrx_word' id='word_1_19' title='bbox 661 652 736 715; x_wconf 74' lang='grc' dir='ltr'>ὁδὶ</span> <span class='ocrx_word' id='word_1_20' title='bbox 759 661 802 738; x_wconf 81' lang='grc' dir='ltr'>τῷ</span> <span class='ocrx_word' id='word_1_21' title='bbox 827 650 954 738; x_wconf 81' lang='grc' dir='ltr'>Διδυμεῖ</span> <span class='ocrx_word' id='word_1_22' title='bbox 962 651 988 729; x_wconf 76' lang='lat'>²)</span> <span class='ocrx_word' id='word_1_23' title='bbox 1013 645 1186 716; x_wconf 88' lang='grc' dir='ltr'>Ἀπόλλωνι</span> <span class='ocrx_word' id='word_1_24' title='bbox 1213 652 1390 718; x_wconf 85' lang='grc' dir='ltr'>ἀπέστειλεν</span> 
     </span>
     <span class='ocr_line' id='line_1_5' title="bbox 220 755 823 846; baseline 0.007 -28"><span class='ocrx_word' id='word_1_25' title='bbox 220 755 304 819; x_wconf 85' lang='grc' dir='ltr'>εἰπὼν</span> <span class='ocrx_word' id='word_1_26' title='bbox 329 757 408 820; x_wconf 79' lang='grc' dir='ltr'>οὕτω</span> <span class='ocrx_word' id='word_1_27' title='bbox 432 761 516 822; x_wconf 89' lang='grc' dir='ltr'>κατὰ</span> <span class='ocrx_word' id='word_1_28' title='bbox 538 760 591 822; x_wconf 83' lang='grc' dir='ltr'>τὸν</span> <span class='ocrx_word' id='word_1_29' title='bbox 607 758 823 846; x_wconf 77' lang='grc' dir='ltr'>Καλλίμαχον·</span> 
     </span>
    </p>
   </div>
   <div class='ocr_carea' id='block_1_4' title="bbox 478 862 1141 954">
    <p class='ocr_par' dir='ltr' id='par_1_4' title="bbox 478 862 1141 954">
     <span class='ocr_line' id='line_1_6' title="bbox 478 862 1141 954; baseline -0.002 -23"><span class='ocrx_word' id='word_1_30' title='bbox 478 862 587 946; x_wconf 76' lang='grc' dir='ltr'>Θαλῆς</span> <span class='ocrx_word' id='word_1_31' title='bbox 610 890 648 953; x_wconf 78' lang='grc' dir='ltr'>με</span> <span class='ocrx_word' id='word_1_32' title='bbox 671 876 715 952; x_wconf 80' lang='grc' dir='ltr'>τῷ</span> <span class='ocrx_word' id='word_1_33' title='bbox 739 869 879 954; x_wconf 77' lang='grc' dir='ltr'>μεδεῦντι</span> <span class='ocrx_word' id='word_1_34' title='bbox 902 867 1018 932; x_wconf 82' lang='grc' dir='ltr'>Νείλεω</span> <span class='ocrx_word' id='word_1_35' title='bbox 1041 868 1141 954; x_wconf 83' lang='grc' dir='ltr'>δήμου</span> 
     </span>
    </p>
   </div>
   <div class='ocr_carea' id='block_1_5' title="bbox 210 972 1392 2030">
    <p class='ocr_par' dir='ltr' id='par_1_5' title="bbox 216 972 1392 1276">
     <span class='ocr_line' id='line_1_7' title="bbox 474 972 1123 1062; baseline 0.006 -26"><span class='ocrx_word' id='word_1_36' title='bbox 474 973 593 1050; x_wconf 87' lang='grc' dir='ltr'>δίδωσι,</span> <span class='ocrx_word' id='word_1_37' title='bbox 618 981 711 1038; x_wconf 80' lang='grc' dir='ltr'>τοῦτο</span> <span class='ocrx_word' id='word_1_38' title='bbox 734 975 781 1049; x_wconf 87' lang='grc' dir='ltr'>δὶς</span> <span class='ocrx_word' id='word_1_39' title='bbox 803 973 908 1062; x_wconf 85' lang='grc' dir='ltr'>λαβὼν</span> <span class='ocrx_word' id='word_1_40' title='bbox 932 972 1090 1062; x_wconf 84' lang='grc' dir='ltr'>ἀριστεῖον.</span> <span class='ocrx_word' id='word_1_41' title='bbox 1121 1031 1123 1040; x_wconf 80' lang='grc'>,</span> 
     </span>
     <span class='ocr_line' id='line_1_8' title="bbox 217 1077 1392 1168; baseline 0.007 -29"><span class='ocrx_word' id='word_1_42' title='bbox 217 1078 253 1140; x_wconf 84' lang='grc' dir='ltr'>τὸ</span> <span class='ocrx_word' id='word_1_43' title='bbox 276 1077 312 1140; x_wconf 82' lang='grc' dir='ltr'>δὲ</span> <span class='ocrx_word' id='word_1_44' title='bbox 342 1078 432 1156; x_wconf 83' lang='grc' dir='ltr'>πεζὸν</span> <span class='ocrx_word' id='word_1_45' title='bbox 464 1079 561 1155; x_wconf 85' lang='grc' dir='ltr'>οὕτως</span> <span class='ocrx_word' id='word_1_46' title='bbox 591 1078 666 1167; x_wconf 86' lang='grc' dir='ltr'>ἔχει·</span> <span class='ocrx_word' id='word_1_47' title='bbox 707 1077 829 1162; x_wconf 71' lang='grc' dir='ltr'>“Θαλῆς</span> <span class='ocrx_word' id='word_1_48' title='bbox 852 1079 1009 1168; x_wconf 67' lang='grc' dir='ltr'>Ἐξαμύου</span> <span class='ocrx_word' id='word_1_49' title='bbox 1045 1077 1191 1164; x_wconf 76' lang='grc' dir='ltr'>Μιλήσιος</span> <span class='ocrx_word' id='word_1_50' title='bbox 1219 1080 1392 1147; x_wconf 80' lang='grc' dir='ltr'>Ἀπόλλωνι</span> 
     </span>
     <span class='ocr_line' id='line_1_9' title="bbox 216 1182 926 1276; baseline 0.006 -28"><span class='ocrx_word' id='word_1_51' title='bbox 216 1182 359 1272; x_wconf 82' lang='grc' dir='ltr'>Δελφινίῳ</span> <span class='ocrx_word' id='word_1_52' title='bbox 377 1186 536 1268; x_wconf 80' lang='grc' dir='ltr'>Ἑλλήνων</span> <span class='ocrx_word' id='word_1_53' title='bbox 560 1185 710 1274; x_wconf 77' lang='grc' dir='ltr'>ἀριστεῖον</span> <span class='ocrx_word' id='word_1_54' title='bbox 731 1189 778 1264; x_wconf 82' lang='grc' dir='ltr'>δὶς</span> <span class='ocrx_word' id='word_1_55' title='bbox 799 1186 926 1276; x_wconf 85' lang='grc' dir='ltr'>λαβών’.</span> 
     </span>
    </p>

    <p class='ocr_par' dir='ltr' id='par_1_6' title="bbox 217 1287 1390 1596">
     <span class='ocr_line' id='line_1_10' title="bbox 306 1287 1389 1384; baseline 0.008 -33"><span class='ocrx_word' id='word_1_56' title='bbox 306 1287 336 1352; x_wconf 88' lang='grc'>3.</span> <span class='ocrx_word' id='word_1_57' title='bbox 373 1289 469 1373; x_wconf 86' lang='lat' dir='ltr'>Diog.</span> <span class='ocrx_word' id='word_1_58' title='bbox 507 1289 613 1353; x_wconf 68' lang='grc' dir='ltr'>[αισα.</span> <span class='ocrx_word' id='word_1_59' title='bbox 639 1289 654 1352; x_wconf 95' lang='grc' dir='ltr'>Ι</span> <span class='ocrx_word' id='word_1_60' title='bbox 687 1289 729 1354; x_wconf 88' lang='grc'>29</span> <span class='ocrx_word' id='word_1_61' title='bbox 765 1297 780 1358; x_wconf 83' lang='grc' dir='ltr'>ὁ</span> <span class='ocrx_word' id='word_1_62' title='bbox 811 1296 847 1358; x_wconf 77' lang='grc' dir='ltr'>δέ</span> <span class='ocrx_word' id='word_1_63' title='bbox 879 1300 1075 1382; x_wconf 83' lang='grc' dir='ltr'>περιενεγκὼν</span> <span class='ocrx_word' id='word_1_64' title='bbox 1106 1297 1161 1376; x_wconf 79' lang='grc' dir='ltr'>τὴν</span> <span class='ocrx_word' id='word_1_65' title='bbox 1193 1297 1303 1384; x_wconf 83' lang='grc' dir='ltr'>φιάλην</span> <span class='ocrx_word' id='word_1_66' title='bbox 1332 1303 1389 1360; x_wconf 86' lang='grc' dir='ltr'>τοῖ</span> 
     </span>
     <span class='ocr_line' id='line_1_11' title="bbox 217 1397 1390 1489; baseline 0.002 -27"><span class='ocrx_word' id='word_1_67' title='bbox 217 1398 418 1478; x_wconf 73' lang='grc' dir='ltr'>Βαθυκλέους</span> <span class='ocrx_word' id='word_1_68' title='bbox 450 1407 519 1478; x_wconf 89' lang='grc' dir='ltr'>παῖς</span> <span class='ocrx_word' id='word_1_69' title='bbox 547 1397 666 1488; x_wconf 82' lang='grc' dir='ltr'>Θυρίων</span> <span class='ocrx_word' id='word_1_70' title='bbox 694 1402 845 1480; x_wconf 84' lang='grc' dir='ltr'>ἐκαλεῖτο,</span> <span class='ocrx_word' id='word_1_71' title='bbox 881 1402 968 1465; x_wconf 89' lang='grc' dir='ltr'>καθά</span> <span class='ocrx_word' id='word_1_72' title='bbox 1000 1424 1087 1489; x_wconf 87' lang='grc' dir='ltr'>φησιν</span> <span class='ocrx_word' id='word_1_73' title='bbox 1107 1401 1249 1480; x_wconf 85' lang='grc' dir='ltr'>Ἔλευσις</span> <span class='ocrx_word' id='word_1_74' title='bbox 1283 1404 1313 1467; x_wconf 81' lang='grc' dir='ltr'>έν</span> <span class='ocrx_word' id='word_1_75' title='bbox 1346 1412 1390 1489; x_wconf 83' lang='grc' dir='ltr'>τῷ</span> 
     </span>
     <span class='ocr_line' id='line_1_12' title="bbox 217 1492 1287 1596; baseline 0.004 -28"><span class='ocrx_word' id='word_1_76' title='bbox 217 1505 288 1593; x_wconf 86' lang='grc' dir='ltr'>Περὶ</span> <span class='ocrx_word' id='word_1_77' title='bbox 306 1506 477 1595; x_wconf 83' lang='grc' dir='ltr'>Ἀχιλλέως</span> <span class='ocrx_word' id='word_1_78' title='bbox 498 1511 551 1573; x_wconf 86' lang='grc' dir='ltr'>καὶ</span> <span class='ocrx_word' id='word_1_79' title='bbox 569 1508 708 1585; x_wconf 83' lang='grc' dir='ltr'>Ἀλέξων</span> <span class='ocrx_word' id='word_1_80' title='bbox 732 1509 748 1572; x_wconf 83' lang='grc' dir='ltr'>ὁ</span> <span class='ocrx_word' id='word_1_81' title='bbox 772 1508 902 1584; x_wconf 84' lang='grc' dir='ltr'>Μίνδιος</span> <span class='ocrx_word' id='word_1_82' title='bbox 925 1509 956 1573; x_wconf 83' lang='grc' dir='ltr'>ἐν</span> <span class='ocrx_word' id='word_1_83' title='bbox 979 1509 1076 1596; x_wconf 86' lang='grc' dir='ltr'>ἐνάτῳ</span> <span class='ocrx_word' id='word_1_84' title='bbox 1100 1492 1253 1583; x_wconf 72' lang='grc' dir='ltr'>Μυθικῶν.</span> <span class='ocrx_word' id='word_1_85' title='bbox 1262 1507 1287 1590; x_wconf 83' lang='grc'>3)</span> 
     </span>
    </p>

    <p class='ocr_par' dir='ltr' id='par_1_7' title="bbox 210 1609 1391 1920">
     <span class='ocr_line' id='line_1_13' title="bbox 305 1609 1391 1704; baseline 0.007 -31"><span class='ocrx_word' id='word_1_86' title='bbox 305 1609 336 1674; x_wconf 88' lang='grc'>4.</span> <span class='ocrx_word' id='word_1_87' title='bbox 371 1609 490 1676; x_wconf 80' lang='lat' dir='ltr'><strong>Athen.</strong></span> <span class='ocrx_word' id='word_1_88' title='bbox 515 1611 566 1675; x_wconf 91' lang='lat' dir='ltr'>XI</span> <span class='ocrx_word' id='word_1_89' title='bbox 590 1634 621 1697; x_wconf 91' lang='lat' dir='ltr'>p.</span> <span class='ocrx_word' id='word_1_90' title='bbox 647 1611 746 1677; x_wconf 76' lang='lat' dir='ltr'>781d</span> <span class='ocrx_word' id='word_1_91' title='bbox 771 1614 899 1704; x_wconf 85' lang='grc' dir='ltr'>οἴδαμεν</span> <span class='ocrx_word' id='word_1_92' title='bbox 921 1618 958 1680; x_wconf 83' lang='grc' dir='ltr'>δὲ</span> <span class='ocrx_word' id='word_1_93' title='bbox 980 1618 1090 1680; x_wconf 81' lang='grc' dir='ltr'>καὶτὸ</span> <span class='ocrx_word' id='word_1_94' title='bbox 1114 1610 1312 1694; x_wconf 89' lang='grc' dir='ltr'>Βαθυκλέους</span> <span class='ocrx_word' id='word_1_95' title='bbox 1335 1625 1391 1682; x_wconf 83' lang='grc' dir='ltr'>ποῖ</span> 
     </span>
     <span class='ocr_line' id='line_1_14' title="bbox 210 1717 1390 1813; baseline 0.006 -31"><span class='ocrx_word' id='word_1_96' title='bbox 210 1717 367 1806; x_wconf 79' lang='grc' dir='ltr'>Ἀρκάδος</span> <span class='ocrx_word' id='word_1_97' title='bbox 388 1725 537 1810; x_wconf 76' lang='grc' dir='ltr'>ποτήριον,</span> <span class='ocrx_word' id='word_1_98' title='bbox 563 1721 579 1787; x_wconf 85' lang='grc' dir='ltr'><em>ὃ</em></span> <span class='ocrx_word' id='word_1_99' title='bbox 596 1725 700 1812; x_wconf 86' lang='grc' dir='ltr'>σοφίας</span> <span class='ocrx_word' id='word_1_100' title='bbox 723 1721 820 1788; x_wconf 80' lang='grc' dir='ltr'>ἆθλον</span> <span class='ocrx_word' id='word_1_101' title='bbox 837 1724 854 1787; x_wconf 80' lang='grc' dir='ltr'><strong>ὁ</strong></span> <span class='ocrx_word' id='word_1_102' title='bbox 871 1724 1038 1804; x_wconf 77' lang='grc' dir='ltr'>Βαθυκλῆς</span> <span class='ocrx_word' id='word_1_103' title='bbox 1057 1733 1102 1808; x_wconf 78' lang='grc' dir='ltr'>τῷ</span> <span class='ocrx_word' id='word_1_104' title='bbox 1117 1725 1252 1813; x_wconf 86' lang='grc' dir='ltr'>κριθέντι</span> <span class='ocrx_word' id='word_1_105' title='bbox 1276 1725 1390 1813; x_wconf 87' lang='grc' dir='ltr'>ἀρίστῳ</span> 
     </span>
     <span class='ocr_line' id='line_1_15' title="bbox 214 1821 897 1920; baseline 0.009 -32"><span class='ocrx_word' id='word_1_106' title='bbox 214 1833 277 1890; x_wconf 82' lang='grc' dir='ltr'>τῶν</span> <span class='ocrx_word' id='word_1_107' title='bbox 299 1831 494 1917; x_wconf 84' lang='grc' dir='ltr'>καλουμένων</span> <span class='ocrx_word' id='word_1_108' title='bbox 521 1821 612 1908; x_wconf 77' lang='grc' dir='ltr'>&lt;ζ’&gt;</span> <span class='ocrx_word' id='word_1_109' title='bbox 640 1839 740 1920; x_wconf 83' lang='grc' dir='ltr'>σοφῶν</span> <span class='ocrx_word' id='word_1_110' title='bbox 764 1829 897 1894; x_wconf 88' lang='grc' dir='ltr'>ἀπέλιπε.</span> 
     </span>
    </p>

    <p class='ocr_par' dir='ltr' id='par_1_8' title="bbox 305 1931 1389 2030">
     <span class='ocr_line' id='line_1_16' title="bbox 305 1931 1389 2030; baseline 0.01 -35"><span class='ocrx_word' id='word_1_111' title='bbox 305 1932 336 1995; x_wconf 79' lang='lat'>5.</span> <span class='ocrx_word' id='word_1_112' title='bbox 371 1931 535 1996; x_wconf 79' lang='lat' dir='ltr'>Plutarch.</span> <span class='ocrx_word' id='word_1_113' title='bbox 578 1934 706 1996; x_wconf 83' lang='lat' dir='ltr'>conviv.</span> <span class='ocrx_word' id='word_1_114' title='bbox 744 1932 810 1996; x_wconf 92' lang='lat' dir='ltr'>VII</span> <span class='ocrx_word' id='word_1_115' title='bbox 842 1955 911 2018; x_wconf 80' lang='lat' dir='ltr'>sap.</span> <span class='ocrx_word' id='word_1_116' title='bbox 938 1933 978 1998; x_wconf 89' lang='lat'>13</span> <span class='ocrx_word' id='word_1_117' title='bbox 1014 1941 1051 2002; x_wconf 83' lang='grc' dir='ltr'>σὺ</span> <span class='ocrx_word' id='word_1_118' title='bbox 1084 1931 1114 2002; x_wconf 84' lang='grc' dir='ltr'>δ’</span> <span class='ocrx_word' id='word_1_119' title='bbox 1150 1939 1207 2003; x_wconf 83' lang='grc' dir='ltr'>οὐκ</span> <span class='ocrx_word' id='word_1_120' title='bbox 1240 1937 1286 2016; x_wconf 81' lang='grc' dir='ltr'>άν,</span> <span class='ocrx_word' id='word_1_121' title='bbox 1322 1939 1389 2030; x_wconf 82' lang='grc' dir='ltr'>ἔφη,</span> 
     </span>
    </p>
   </div>
   <div class='ocr_carea' id='block_1_6' title="bbox 211 2043 1391 2560">
    <p class='ocr_par' dir='ltr' id='par_1_9' title="bbox 214 2043 1391 2135">
     <span class='ocr_line' id='line_1_17' title="bbox 214 2043 1391 2135; baseline 0.005 -30"><span class='ocrx_word' id='word_1_122' title='bbox 214 2043 405 2132; x_wconf 75' lang='grc' dir='ltr'>διαπέμψαιο</span> <span class='ocrx_word' id='word_1_123' title='bbox 428 2046 518 2132; x_wconf 85' lang='grc' dir='ltr'>δεῦρο</span> <span class='ocrx_word' id='word_1_124' title='bbox 541 2046 577 2109; x_wconf 82' lang='grc' dir='ltr'>τὸ</span> <span class='ocrx_word' id='word_1_125' title='bbox 600 2048 742 2132; x_wconf 85' lang='grc' dir='ltr'>ποτήριον</span> <span class='ocrx_word' id='word_1_126' title='bbox 759 2047 834 2132; x_wconf 85' lang='grc' dir='ltr'>πρὸς</span> <span class='ocrx_word' id='word_1_127' title='bbox 850 2047 940 2132; x_wconf 75' lang='grc' dir='ltr'>ἡμᾶς,</span> <span class='ocrx_word' id='word_1_128' title='bbox 965 2046 1043 2132; x_wconf 80' lang='grc' dir='ltr'>ὁρῶν</span> <span class='ocrx_word' id='word_1_129' title='bbox 1065 2045 1194 2122; x_wconf 83' lang='grc' dir='ltr'>τούτους</span> <span class='ocrx_word' id='word_1_130' title='bbox 1217 2049 1313 2135; x_wconf 84' lang='grc' dir='ltr'>ὥσπερ</span> <span class='ocrx_word' id='word_1_131' title='bbox 1337 2051 1391 2128; x_wconf 79' lang='grc' dir='ltr'>τὴν</span> 
     </span>
    </p>

    <p class='ocr_par' dir='ltr' id='par_1_10' title="bbox 217 2151 1390 2322">
     <span class='ocr_line' id='line_1_18' title="bbox 217 2151 1390 2243; baseline 0.001 -25"><span class='ocrx_word' id='word_1_132' title='bbox 217 2152 419 2227; x_wconf 89' lang='grc' dir='ltr'>Βαθυκλέους</span> <span class='ocrx_word' id='word_1_133' title='bbox 441 2151 551 2216; x_wconf 84' lang='grc' dir='ltr'>κύλικα</span> <span class='ocrx_word' id='word_1_134' title='bbox 572 2154 833 2240; x_wconf 81' lang='grc' dir='ltr'>διαπεμπομένους</span> <span class='ocrx_word' id='word_1_135' title='bbox 855 2151 1011 2233; x_wconf 78' lang='grc' dir='ltr'>ἀλλήλοις,</span> <span class='ocrx_word' id='word_1_136' title='bbox 1041 2152 1134 2240; x_wconf 86' lang='grc' dir='ltr'>ἑτέρφ</span> <span class='ocrx_word' id='word_1_137' title='bbox 1161 2155 1198 2217; x_wconf 80' lang='grc' dir='ltr'>δὲ</span> <span class='ocrx_word' id='word_1_138' title='bbox 1227 2156 1268 2242; x_wconf 87' lang='grc' dir='ltr'><strong>μή</strong></span> <span class='ocrx_word' id='word_1_139' title='bbox 1297 2178 1390 2243; x_wconf 84' lang='grc' dir='ltr'>μετα-</span> 
     </span>
     <span class='ocr_line' id='line_1_19' title="bbox 286 2282 375 2322; baseline 0.022 -2"><span class='ocrx_word' id='word_1_140' title='bbox 286 2282 342 2322; x_wconf 89' lang='grc' dir='ltr'>ντα</span> <span class='ocrx_word' id='word_1_141' title='bbox 369 2283 375 2294; x_wconf 93' lang='grc'><strong><em>·</em></strong></span> 
     </span>
    </p>

    <p class='ocr_par' dir='ltr' id='par_1_11' title="bbox 211 2261 1390 2448">
     <span class='ocr_line' id='line_1_20' title="bbox 211 2261 1390 2448; baseline 0.006 -23"><span class='ocrx_word' id='word_1_142' title='bbox 211 2261 285 2324; x_wconf 48' lang='lat' dir='ltr'>&amp;M</span> <span class='ocrx_word' id='word_1_143' title='bbox 305 2283 467 2444; x_wconf 40' lang='lat' dir='ltr'>fif’Diog.</span> <span class='ocrx_word' id='word_1_144' title='bbox 502 2360 609 2426; x_wconf 79' lang='lat' dir='ltr'>Laert.</span> <span class='ocrx_word' id='word_1_145' title='bbox 648 2359 665 2424; x_wconf 89' lang='grc' dir='ltr'>Ι</span> <span class='ocrx_word' id='word_1_146' title='bbox 700 2359 745 2425; x_wconf 89' lang='grc'>30</span> <span class='ocrx_word' id='word_1_147' title='bbox 783 2363 936 2442; x_wconf 78' lang='grc' dir='ltr'>Δαίδαλος</span> <span class='ocrx_word' id='word_1_148' title='bbox 971 2359 1001 2429; x_wconf 89' lang='grc' dir='ltr'>δ’</span> <span class='ocrx_word' id='word_1_149' title='bbox 1033 2366 1048 2429; x_wconf 82' lang='grc' dir='ltr'>ὁ</span> <span class='ocrx_word' id='word_1_150' title='bbox 1077 2365 1272 2444; x_wconf 81' lang='grc' dir='ltr'>Πλατωνικὸς</span> <span class='ocrx_word' id='word_1_151' title='bbox 1281 2363 1304 2448; x_wconf 83' lang='lat'>⁴)</span> <span class='ocrx_word' id='word_1_152' title='bbox 1338 2371 1390 2433; x_wconf 81' lang='grc' dir='ltr'>καὶ</span> 
     </span>
    </p>

    <p class='ocr_par' dir='ltr' id='par_1_12' title="bbox 213 2471 1388 2560">
     <span class='ocr_line' id='line_1_21' title="bbox 213 2471 1388 2560; baseline 0 -21"><span class='ocrx_word' id='word_1_153' title='bbox 213 2475 374 2560; x_wconf 90' lang='grc' dir='ltr'>Κλέαρχος</span> <span class='ocrx_word' id='word_1_154' title='bbox 396 2473 504 2560; x_wconf 84' lang='grc' dir='ltr'>φιάλην</span> <span class='ocrx_word' id='word_1_155' title='bbox 527 2471 736 2553; x_wconf 77' lang='grc' dir='ltr'>ἀποσταλῆναι</span> <span class='ocrx_word' id='word_1_156' title='bbox 760 2474 815 2536; x_wconf 83' lang='grc' dir='ltr'>ὑπὸ</span> <span class='ocrx_word' id='word_1_157' title='bbox 835 2472 968 2559; x_wconf 90' lang='grc' dir='ltr'>Κροίσου</span> <span class='ocrx_word' id='word_1_158' title='bbox 991 2472 1136 2559; x_wconf 77' lang='grc' dir='ltr'>Πιττακῷ</span> <span class='ocrx_word' id='word_1_159' title='bbox 1159 2475 1212 2538; x_wconf 83' lang='grc' dir='ltr'>καὶ</span> <span class='ocrx_word' id='word_1_160' title='bbox 1235 2475 1314 2539; x_wconf 85' lang='grc' dir='ltr'>οὕτω</span> <span class='ocrx_word' id='word_1_161' title='bbox 1338 2499 1388 2539; x_wconf 90' lang='grc' dir='ltr'>πε-</span> 
     </span>
    </p>
   </div>
   <div class='ocr_carea' id='block_1_7' title="bbox 214 2579 1390 2772">
    <p class='ocr_par' dir='ltr' id='par_1_13' title="bbox 214 2579 1390 2772">
     <span class='ocr_line' id='line_1_22' title="bbox 214 2579 414 2670; baseline -0.015 -25"><span class='ocrx_word' id='word_1_162' title='bbox 214 2579 414 2670; x_wconf 76' lang='grc' dir='ltr'>ριενεχθῆναι.</span> 
     </span>
     <span class='ocr_line' id='line_1_23' title="bbox 305 2681 1390 2772; baseline 0.009 -27"><span class='ocrx_word' id='word_1_163' title='bbox 305 2682 336 2746; x_wconf 81' lang='grc'>7.</span> <span class='ocrx_word' id='word_1_164' title='bbox 371 2681 468 2766; x_wconf 87' lang='lat' dir='ltr'>Diog.</span> <span class='ocrx_word' id='word_1_165' title='bbox 501 2682 607 2748; x_wconf 76' lang='lat' dir='ltr'>Laert.</span> <span class='ocrx_word' id='word_1_166' title='bbox 638 2681 655 2746; x_wconf 95' lang='grc' dir='ltr'><strong>Ι</strong></span> <span class='ocrx_word' id='word_1_167' title='bbox 682 2683 725 2746; x_wconf 88' lang='grc'>29</span> <span class='ocrx_word' id='word_1_168' title='bbox 759 2684 895 2764; x_wconf 82' lang='grc' dir='ltr'>Εὔδοξος</span> <span class='ocrx_word' id='word_1_169' title='bbox 921 2681 950 2750; x_wconf 87' lang='grc' dir='ltr'>δ’</span> <span class='ocrx_word' id='word_1_170' title='bbox 979 2689 995 2751; x_wconf 83' lang='grc' dir='ltr'>ὁ</span> <span class='ocrx_word' id='word_1_171' title='bbox 1020 2687 1142 2763; x_wconf 88' lang='grc' dir='ltr'>Κνίδιος</span> <span class='ocrx_word' id='word_1_172' title='bbox 1172 2691 1224 2753; x_wconf 88' lang='grc' dir='ltr'>καὶ</span> <span class='ocrx_word' id='word_1_173' title='bbox 1246 2689 1390 2772; x_wconf 72' lang='grc' dir='ltr'>Εὐάνθης</span> 
     </span>
    </p>
   </div>
   <div class='ocr_carea' id='block_1_8' title="bbox 211 2795 1389 3098">
    <p class='ocr_par' dir='ltr' id='par_1_14' title="bbox 211 2795 1389 3098">
     <span class='ocr_line' id='line_1_24' title="bbox 214 2795 1387 2886; baseline 0.001 -25"><span class='ocrx_word' id='word_1_174' title='bbox 214 2798 231 2861; x_wconf 80' lang='grc' dir='ltr'>θ</span> <span class='ocrx_word' id='word_1_175' title='bbox 257 2795 403 2876; x_wconf 82' lang='grc' dir='ltr'>Μιλήσιός</span> <span class='ocrx_word' id='word_1_176' title='bbox 427 2815 501 2882; x_wconf 90' lang='grc' dir='ltr'>φασι</span> <span class='ocrx_word' id='word_1_177' title='bbox 523 2803 583 2858; x_wconf 83' lang='grc' dir='ltr'>τῶν</span> <span class='ocrx_word' id='word_1_178' title='bbox 606 2795 741 2882; x_wconf 85' lang='grc' dir='ltr'>Κροίσου</span> <span class='ocrx_word' id='word_1_179' title='bbox 764 2797 832 2858; x_wconf 87' lang='grc' dir='ltr'>τινὰ</span> <span class='ocrx_word' id='word_1_180' title='bbox 856 2797 949 2884; x_wconf 91' lang='grc' dir='ltr'>φίλων</span> <span class='ocrx_word' id='word_1_181' title='bbox 979 2795 1084 2883; x_wconf 84' lang='grc' dir='ltr'>λαβεῖν</span> <span class='ocrx_word' id='word_1_182' title='bbox 1111 2799 1194 2884; x_wconf 81' lang='grc' dir='ltr'>παρὰ</span> <span class='ocrx_word' id='word_1_183' title='bbox 1221 2805 1276 2862; x_wconf 79' lang='grc' dir='ltr'>τοῦ</span> <span class='ocrx_word' id='word_1_184' title='bbox 1301 2797 1387 2886; x_wconf 89' lang='grc' dir='ltr'>βασι-</span> 
     </span>
     <span class='ocr_line' id='line_1_25' title="bbox 212 2901 1389 2989; baseline 0.002 -23"><span class='ocrx_word' id='word_1_185' title='bbox 212 2905 294 2978; x_wconf 90' lang='grc' dir='ltr'>λέως</span> <span class='ocrx_word' id='word_1_186' title='bbox 315 2903 457 2989; x_wconf 68' lang='grc' dir='ltr'>ποτήριον</span> <span class='ocrx_word' id='word_1_187' title='bbox 478 2909 615 2988; x_wconf 80' lang='grc' dir='ltr'>χρυσοῖν,</span> <span class='ocrx_word' id='word_1_188' title='bbox 641 2901 720 2978; x_wconf 82' lang='grc' dir='ltr'>ὅπως</span> <span class='ocrx_word' id='word_1_189' title='bbox 741 2902 788 2985; x_wconf 82' lang='grc' dir='ltr'>δῷ</span> <span class='ocrx_word' id='word_1_190' title='bbox 811 2911 854 2987; x_wconf 77' lang='grc' dir='ltr'>τῷ</span> <span class='ocrx_word' id='word_1_191' title='bbox 872 2904 1045 2989; x_wconf 87' lang='grc' dir='ltr'>σοφωτάτῳ</span> <span class='ocrx_word' id='word_1_192' title='bbox 1061 2903 1298 2984; x_wconf 81' lang='grc' dir='ltr'>τῶνἙλλήνων,</span> <span class='ocrx_word' id='word_1_193' title='bbox 1335 2906 1389 2968; x_wconf 84' lang='grc' dir='ltr'>τὸν</span> 
     </span>
     <span class='ocr_line' id='line_1_26' title="bbox 211 3004 1389 3098; baseline 0.002 -24"><span class='ocrx_word' id='word_1_194' title='bbox 211 3011 252 3074; x_wconf 78' lang='grc' dir='ltr'>δὲ</span> <span class='ocrx_word' id='word_1_195' title='bbox 274 3011 381 3073; x_wconf 79' lang='grc' dir='ltr'>δοῦναι</span> <span class='ocrx_word' id='word_1_196' title='bbox 404 3004 504 3098; x_wconf 79' lang='grc' dir='ltr'>Θαλῇ,</span> <span class='ocrx_word' id='word_1_197' title='bbox 544 3011 596 3073; x_wconf 81' lang='grc' dir='ltr'>καὶ</span> <span class='ocrx_word' id='word_1_198' title='bbox 618 3009 786 3097; x_wconf 89' lang='grc' dir='ltr'>περιελθεῖν</span> <span class='ocrx_word' id='word_1_199' title='bbox 810 3009 852 3086; x_wconf 88' lang='grc' dir='ltr'>είς</span> <span class='ocrx_word' id='word_1_200' title='bbox 872 3009 1007 3074; x_wconf 90' lang='grc' dir='ltr'>Χίλωνα.</span> <span class='ocrx_word' id='word_1_201' title='bbox 1048 3008 1080 3073; x_wconf 82' lang='grc' dir='ltr'>δν</span> <span class='ocrx_word' id='word_1_202' title='bbox 1102 3010 1310 3075; x_wconf 88' lang='grc' dir='ltr'>πυνθάνεσθαι</span> <span class='ocrx_word' id='word_1_203' title='bbox 1333 3019 1389 3076; x_wconf 76' lang='grc' dir='ltr'>τοῦ</span> 
     </span>
    </p>
   </div>
   <div class='ocr_carea' id='block_1_9' title="bbox 212 3195 1389 4770">
    <p class='ocr_par' dir='ltr' id='par_1_15' title="bbox 214 3195 1388 3447">
     <span class='ocr_line' id='line_1_27' title="bbox 308 3195 1388 3270; baseline 0.005 -20"><span class='ocrx_word' id='word_1_204' title='bbox 308 3199 327 3266; x_wconf 81' lang='lat'>¹)</span> <span class='ocrx_word' id='word_1_205' title='bbox 347 3195 392 3250; x_wconf 81' lang='lat' dir='ltr'>lta</span> <span class='ocrx_word' id='word_1_206' title='bbox 405 3196 436 3264; x_wconf 86' lang='lat' dir='ltr'>B,</span> <span class='ocrx_word' id='word_1_207' title='bbox 456 3213 520 3251; x_wconf 79' lang='lat' dir='ltr'>oum</span> <span class='ocrx_word' id='word_1_208' title='bbox 540 3219 556 3252; x_wconf 86' lang='grc' dir='ltr'>α</span> <span class='ocrx_word' id='word_1_209' title='bbox 569 3197 699 3268; x_wconf 81' lang='grc' dir='ltr'>πρωτίστῳ</span> <span class='ocrx_word' id='word_1_210' title='bbox 718 3199 854 3267; x_wconf 75' lang='lat' dir='ltr'>praebeat</span> <span class='ocrx_word' id='word_1_211' title='bbox 887 3198 929 3252; x_wconf 78' lang='lat' dir='ltr'>cf.</span> <span class='ocrx_word' id='word_1_212' title='bbox 942 3197 1064 3264; x_wconf 73' lang='lat' dir='ltr'>Martini,</span> <span class='ocrx_word' id='word_1_213' title='bbox 1084 3198 1219 3254; x_wconf 79' lang='grc' dir='ltr'>Ασείεσίι</span> <span class='ocrx_word' id='word_1_214' title='bbox 1232 3200 1388 3270; x_wconf 68' lang='lat' dir='ltr'>Laenium,</span> 
     </span>
     <span class='ocr_line' id='line_1_28' title="bbox 215 3281 1388 3360; baseline 0.003 -19"><span class='ocrx_word' id='word_1_215' title='bbox 215 3285 339 3356; x_wconf 79' lang='lat' dir='ltr'>Leipzig.</span> <span class='ocrx_word' id='word_1_216' title='bbox 377 3285 455 3341; x_wconf 78' lang='lat' dir='ltr'>Stud.</span> <span class='ocrx_word' id='word_1_217' title='bbox 479 3285 543 3340; x_wconf 79' lang='lat' dir='ltr'>xlx</span> <span class='ocrx_word' id='word_1_218' title='bbox 567 3286 659 3356; x_wconf 67' lang='grc'>(1899)</span> <span class='ocrx_word' id='word_1_219' title='bbox 684 3307 710 3359; x_wconf 93' lang='lat' dir='ltr'>p.</span> <span class='ocrx_word' id='word_1_220' title='bbox 732 3287 792 3342; x_wconf 76' lang='lat'>107.</span> <span class='ocrx_word' id='word_1_221' title='bbox 829 3287 929 3343; x_wconf 81' lang='lat' dir='ltr'>Rhoin.</span> <span class='ocrx_word' id='word_1_222' title='bbox 949 3288 1019 3342; x_wconf 77' lang='lat' dir='ltr'>Mus.</span> <span class='ocrx_word' id='word_1_223' title='bbox 1040 3287 1086 3342; x_wconf 81' lang='lat' dir='ltr'>Lv</span> <span class='ocrx_word' id='word_1_224' title='bbox 1105 3281 1197 3356; x_wconf 74' lang='lat'>(1900)</span> <span class='ocrx_word' id='word_1_225' title='bbox 1224 3308 1252 3359; x_wconf 88' lang='lat' dir='ltr'>p.</span> <span class='ocrx_word' id='word_1_226' title='bbox 1276 3291 1328 3344; x_wconf 86' lang='grc'>612</span> <span class='ocrx_word' id='word_1_227' title='bbox 1348 3309 1388 3360; x_wconf 84' lang='lat' dir='ltr'>sq.</span> 
     </span>
     <span class='ocr_line' id='line_1_29' title="bbox 214 3375 684 3447; baseline 0.004 -18"><span class='ocrx_word' id='word_1_228' title='bbox 214 3375 301 3439; x_wconf 76' lang='lat' dir='ltr'>Diels,</span> <span class='ocrx_word' id='word_1_229' title='bbox 321 3375 399 3430; x_wconf 80' lang='grc' dir='ltr'>Ροοί.</span> <span class='ocrx_word' id='word_1_230' title='bbox 419 3375 521 3431; x_wconf 74' lang='lat' dir='ltr'>Philon.</span> <span class='ocrx_word' id='word_1_231' title='bbox 540 3376 594 3447; x_wconf 88' lang='lat' dir='ltr'>frg.</span> <span class='ocrx_word' id='word_1_232' title='bbox 612 3396 639 3447; x_wconf 96' lang='lat' dir='ltr'>p.</span> <span class='ocrx_word' id='word_1_233' title='bbox 659 3377 684 3432; x_wconf 77' lang='grc' dir='ltr'>ὁ.</span> 
     </span>
    </p>

    <p class='ocr_par' dir='ltr' id='par_1_16' title="bbox 306 3464 771 3536">
     <span class='ocr_line' id='line_1_30' title="bbox 306 3464 771 3536; baseline 0.002 -17"><span class='ocrx_word' id='word_1_234' title='bbox 306 3464 327 3536; x_wconf 74' lang='lat'>²)</span> <span class='ocrx_word' id='word_1_235' title='bbox 347 3464 455 3533; x_wconf 78' lang='lat' dir='ltr'><strong>Sequor</strong></span> <span class='ocrx_word' id='word_1_236' title='bbox 473 3465 609 3520; x_wconf 81' lang='lat' dir='ltr'>Dielsium</span> <span class='ocrx_word' id='word_1_237' title='bbox 627 3466 644 3520; x_wconf 96' lang='lat' dir='ltr'>l.</span> <span class='ocrx_word' id='word_1_238' title='bbox 662 3467 680 3520; x_wconf 90' lang='lat' dir='ltr'>l.</span> <span class='ocrx_word' id='word_1_239' title='bbox 699 3484 727 3535; x_wconf 90' lang='lat' dir='ltr'>p.</span> <span class='ocrx_word' id='word_1_240' title='bbox 746 3465 771 3520; x_wconf 90' lang='lat'>6.</span> 
     </span>
    </p>

    <p class='ocr_par' dir='ltr' id='par_1_17' title="bbox 212 3554 1389 3982">
     <span class='ocr_line' id='line_1_31' title="bbox 307 3554 1389 3626; baseline 0.001 -15"><span class='ocrx_word' id='word_1_241' title='bbox 307 3555 329 3623; x_wconf 63' lang='grc' dir='ltr'>’ξι</span> <span class='ocrx_word' id='word_1_242' title='bbox 349 3554 428 3619; x_wconf 79' lang='lat' dir='ltr'>Quod</span> <span class='ocrx_word' id='word_1_243' title='bbox 447 3572 559 3626; x_wconf 74' lang='lat' dir='ltr'><strong>nomon,</strong></span> <span class='ocrx_word' id='word_1_244' title='bbox 583 3573 646 3609; x_wconf 79' lang='lat' dir='ltr'>eum</span> <span class='ocrx_word' id='word_1_245' title='bbox 665 3555 795 3624; x_wconf 77' lang='lat' dir='ltr'>Myndius</span> <span class='ocrx_word' id='word_1_246' title='bbox 814 3555 895 3610; x_wconf 84' lang='lat' dir='ltr'>huius</span> <span class='ocrx_word' id='word_1_247' title='bbox 918 3555 1039 3612; x_wconf 87' lang='lat' dir='ltr'>nominis</span> <span class='ocrx_word' id='word_1_248' title='bbox 1062 3557 1176 3625; x_wconf 81' lang='lat' dir='ltr'>ignotus</span> <span class='ocrx_word' id='word_1_249' title='bbox 1199 3557 1243 3622; x_wconf 73' lang='lat' dir='ltr'>sit,</span> <span class='ocrx_word' id='word_1_250' title='bbox 1268 3575 1389 3612; x_wconf 81' lang='lat' dir='ltr'><strong>eommu-</strong></span> 
     </span>
     <span class='ocr_line' id='line_1_32' title="bbox 212 3643 1389 3718; baseline 0.004 -21"><span class='ocrx_word' id='word_1_251' title='bbox 212 3648 306 3698; x_wconf 77' lang='lat' dir='ltr'><strong>tatum</strong></span> <span class='ocrx_word' id='word_1_252' title='bbox 327 3649 369 3698; x_wconf 77' lang='lat' dir='ltr'>est</span> <span class='ocrx_word' id='word_1_253' title='bbox 388 3661 405 3698; x_wconf 79' lang='lat' dir='ltr'><strong>a</strong></span> <span class='ocrx_word' id='word_1_254' title='bbox 423 3643 560 3714; x_wconf 80' lang='lat' dir='ltr'>Roeporo,</span> <span class='ocrx_word' id='word_1_255' title='bbox 583 3645 683 3699; x_wconf 86' lang='lat' dir='ltr'>Philol.</span> <span class='ocrx_word' id='word_1_256' title='bbox 703 3643 745 3698; x_wconf 87' lang='lat'>111</span> <span class='ocrx_word' id='word_1_257' title='bbox 764 3645 857 3710; x_wconf 69' lang='grc'>(1818)</span> <span class='ocrx_word' id='word_1_258' title='bbox 876 3665 903 3716; x_wconf 86' lang='lat' dir='ltr'>p.</span> <span class='ocrx_word' id='word_1_259' title='bbox 922 3645 957 3698; x_wconf 79' lang='lat'>32</span> <span class='ocrx_word' id='word_1_260' title='bbox 967 3664 1007 3714; x_wconf 82' lang='lat' dir='ltr'>sq.</span> <span class='ocrx_word' id='word_1_261' title='bbox 1027 3647 1087 3700; x_wconf 81' lang='lat' dir='ltr'>sine</span> <span class='ocrx_word' id='word_1_262' title='bbox 1105 3647 1161 3700; x_wconf 79' lang='lat' dir='ltr'>ulia</span> <span class='ocrx_word' id='word_1_263' title='bbox 1179 3651 1223 3701; x_wconf 79' lang='lat' dir='ltr'>sat</span> <span class='ocrx_word' id='word_1_264' title='bbox 1241 3648 1389 3718; x_wconf 79' lang='lat' dir='ltr'>perspicua</span> 
     </span>
     <span class='ocr_line' id='line_1_33' title="bbox 214 3733 1389 3806; baseline 0.002 -18"><span class='ocrx_word' id='word_1_265' title='bbox 214 3751 300 3788; x_wconf 69' lang='lat' dir='ltr'><strong>eausa</strong></span> <span class='ocrx_word' id='word_1_266' title='bbox 322 3733 351 3786; x_wconf 89' lang='lat' dir='ltr'>in</span> <span class='ocrx_word' id='word_1_267' title='bbox 375 3733 469 3805; x_wconf 79' lang='grc' dir='ltr'>Ζήνων,</span> <span class='ocrx_word' id='word_1_268' title='bbox 494 3751 557 3788; x_wconf 82' lang='lat' dir='ltr'>cum</span> <span class='ocrx_word' id='word_1_269' title='bbox 579 3738 656 3788; x_wconf 77' lang='lat' dir='ltr'>reete</span> <span class='ocrx_word' id='word_1_270' title='bbox 680 3735 736 3788; x_wconf 73' lang='lat' dir='ltr'>iam</span> <span class='ocrx_word' id='word_1_271' title='bbox 759 3735 906 3804; x_wconf 80' lang='lat' dir='ltr'>Monagius</span> <span class='ocrx_word' id='word_1_272' title='bbox 923 3735 1086 3806; x_wconf 80' lang='grc' dir='ltr'>Ἀλέξανδρος</span> <span class='ocrx_word' id='word_1_273' title='bbox 1109 3736 1281 3801; x_wconf 79' lang='lat' dir='ltr'>coniecisset,</span> <span class='ocrx_word' id='word_1_274' title='bbox 1305 3753 1389 3806; x_wconf 76' lang='lat' dir='ltr'>quem</span> 
     </span>
     <span class='ocr_line' id='line_1_34' title="bbox 215 3821 1387 3896; baseline 0.002 -20"><span class='ocrx_word' id='word_1_275' title='bbox 215 3823 316 3883; x_wconf 82' lang='lat' dir='ltr'>Cobet,</span> <span class='ocrx_word' id='word_1_276' title='bbox 344 3821 481 3876; x_wconf 78' lang='lat' dir='ltr'>Susomihl</span> <span class='ocrx_word' id='word_1_277' title='bbox 509 3823 631 3890; x_wconf 81' lang='lat' dir='ltr'>(Griech.</span> <span class='ocrx_word' id='word_1_278' title='bbox 656 3824 871 3894; x_wconf 79' lang='lat' dir='ltr'>Litteratgosch.</span> <span class='ocrx_word' id='word_1_279' title='bbox 896 3825 923 3880; x_wconf 91' lang='lat' dir='ltr'>d.</span> <span class='ocrx_word' id='word_1_280' title='bbox 947 3826 1095 3880; x_wconf 79' lang='lat' dir='ltr'>Alexandz.</span> <span class='ocrx_word' id='word_1_281' title='bbox 1120 3824 1133 3879; x_wconf 88' lang='lat'><em>1</em></span> <span class='ocrx_word' id='word_1_282' title='bbox 1155 3826 1209 3880; x_wconf 76' lang='lat'>855</span> <span class='ocrx_word' id='word_1_283' title='bbox 1236 3827 1300 3880; x_wconf 80' lang='lat' dir='ltr'>adn.</span> <span class='ocrx_word' id='word_1_284' title='bbox 1325 3827 1387 3896; x_wconf 85' lang='lat'>111)</span> 
     </span>
     <span class='ocr_line' id='line_1_35' title="bbox 216 3911 767 3982; baseline 0.004 -17"><span class='ocrx_word' id='word_1_285' title='bbox 216 3911 294 3965; x_wconf 74' lang='lat' dir='ltr'>Diels</span> <span class='ocrx_word' id='word_1_286' title='bbox 313 3913 330 3966; x_wconf 87' lang='lat'>1.</span> <span class='ocrx_word' id='word_1_287' title='bbox 350 3912 368 3966; x_wconf 93' lang='lat' dir='ltr'>l.</span> <span class='ocrx_word' id='word_1_288' title='bbox 387 3931 414 3982; x_wconf 90' lang='lat' dir='ltr'>p.</span> <span class='ocrx_word' id='word_1_289' title='bbox 434 3913 450 3966; x_wconf 90' lang='lat'>6</span> <span class='ocrx_word' id='word_1_290' title='bbox 469 3913 532 3968; x_wconf 75' lang='lat' dir='ltr'>adn.</span> <span class='ocrx_word' id='word_1_291' title='bbox 551 3913 569 3967; x_wconf 88' lang='lat'><em>8</em></span> <span class='ocrx_word' id='word_1_292' title='bbox 588 3913 678 3967; x_wconf 77' lang='lat' dir='ltr'>secuti</span> <span class='ocrx_word' id='word_1_293' title='bbox 695 3919 767 3968; x_wconf 71' lang='lat' dir='ltr'>sunt.</span> 
     </span>
    </p>

    <p class='ocr_par' dir='ltr' id='par_1_18' title="bbox 215 4001 1388 4698">
     <span class='ocr_line' id='line_1_36' title="bbox 305 4001 1388 4074; baseline 0.005 -20"><span class='ocrx_word' id='word_1_294' title='bbox 305 4003 327 4072; x_wconf 89' lang='lat'>⁴)</span> <span class='ocrx_word' id='word_1_295' title='bbox 347 4001 391 4056; x_wconf 68' lang='lat' dir='ltr'>lta</span> <span class='ocrx_word' id='word_1_296' title='bbox 414 4002 511 4057; x_wconf 73' lang='lat' dir='ltr'>scribit</span> <span class='ocrx_word' id='word_1_297' title='bbox 534 4002 668 4064; x_wconf 77' lang='grc' dir='ltr'>Οοδσίιιε,</span> <span class='ocrx_word' id='word_1_298' title='bbox 691 4008 765 4072; x_wconf 89' lang='lat' dir='ltr'><strong>quod</strong></span> <span class='ocrx_word' id='word_1_299' title='bbox 789 4003 908 4058; x_wconf 85' lang='lat' dir='ltr'>Wuifius</span> <span class='ocrx_word' id='word_1_300' title='bbox 926 4023 953 4074; x_wconf 92' lang='lat' dir='ltr'>p.</span> <span class='ocrx_word' id='word_1_301' title='bbox 974 4003 1008 4057; x_wconf 84' lang='lat'>18</span> <span class='ocrx_word' id='word_1_302' title='bbox 1027 4028 1060 4052; x_wconf 92' lang='lat'><strong><em>=</em></strong></span> <span class='ocrx_word' id='word_1_303' title='bbox 1082 4003 1133 4058; x_wconf 86' lang='grc'>180</span> <span class='ocrx_word' id='word_1_304' title='bbox 1150 4004 1268 4074; x_wconf 74' lang='lat' dir='ltr'>recepit,</span> <span class='ocrx_word' id='word_1_305' title='bbox 1293 4023 1388 4074; x_wconf 76' lang='lat' dir='ltr'><strong>quam-</strong></span> 
     </span>
     <span class='ocr_line' id='line_1_37' title="bbox 215 4087 1388 4163; baseline 0.003 -19"><span class='ocrx_word' id='word_1_306' title='bbox 215 4108 299 4159; x_wconf 77' lang='lat' dir='ltr'><strong>quam</strong></span> <span class='ocrx_word' id='word_1_307' title='bbox 320 4091 388 4146; x_wconf 77' lang='lat' dir='ltr'>dicit</span> <span class='ocrx_word' id='word_1_308' title='bbox 405 4091 432 4145; x_wconf 92' lang='lat' dir='ltr'>in</span> <span class='ocrx_word' id='word_1_309' title='bbox 451 4091 515 4145; x_wconf 75' lang='lat' dir='ltr'>adn.</span> <span class='ocrx_word' id='word_1_310' title='bbox 534 4093 551 4146; x_wconf 88' lang='grc'>2</span> <span class='ocrx_word' id='word_1_311' title='bbox 572 4087 616 4146; x_wconf 71' lang='lat' dir='ltr'>‘de</span> <span class='ocrx_word' id='word_1_312' title='bbox 634 4092 757 4148; x_wconf 79' lang='lat' dir='ltr'><strong><em>Daedalo</em></strong></span> <span class='ocrx_word' id='word_1_313' title='bbox 775 4100 811 4163; x_wconf 79' lang='grc' dir='ltr'>τῷ</span> <span class='ocrx_word' id='word_1_314' title='bbox 831 4097 987 4163; x_wconf 80' lang='grc' dir='ltr'>Πλατωνικῷ</span> <span class='ocrx_word' id='word_1_315' title='bbox 1005 4095 1076 4148; x_wconf 69' lang='lat' dir='ltr'>nihii</span> <span class='ocrx_word' id='word_1_316' title='bbox 1091 4089 1206 4148; x_wconf 67' lang='lat' dir='ltr'>seionm’.</span> <span class='ocrx_word' id='word_1_317' title='bbox 1244 4093 1303 4148; x_wconf 76' lang='lat' dir='ltr'>Iam</span> <span class='ocrx_word' id='word_1_318' title='bbox 1322 4113 1388 4148; x_wconf 84' lang='lat' dir='ltr'><strong>vero</strong></span> 
     </span>
     <span class='ocr_line' id='line_1_38' title="bbox 217 4179 1387 4254; baseline 0.004 -22"><span class='ocrx_word' id='word_1_319' title='bbox 217 4179 399 4236; x_wconf 69' lang='lat' dir='ltr'>Omubonus</span> <span class='ocrx_word' id='word_1_320' title='bbox 418 4181 546 4235; x_wconf 83' lang='lat' dir='ltr'>codicum</span> <span class='ocrx_word' id='word_1_321' title='bbox 565 4182 733 4252; x_wconf 75' lang='lat' dir='ltr'>scripturam</span> <span class='ocrx_word' id='word_1_322' title='bbox 745 4181 868 4254; x_wconf 85' lang='grc' dir='ltr'>Δαίδαχος</span> <span class='ocrx_word' id='word_1_323' title='bbox 886 4184 914 4236; x_wconf 86' lang='lat' dir='ltr'>in</span> <span class='ocrx_word' id='word_1_324' title='bbox 934 4183 1090 4254; x_wconf 85' lang='grc' dir='ltr'>Δαίμαχος</span> <span class='ocrx_word' id='word_1_325' title='bbox 1109 4182 1326 4247; x_wconf 78' lang='grc' dir='ltr'>ὁΠλαταιῖκάς</span> <span class='ocrx_word' id='word_1_326' title='bbox 1344 4185 1387 4238; x_wconf 80' lang='lat' dir='ltr'>vel</span> 
     </span>
     <span class='ocr_line' id='line_1_39' title="bbox 218 4271 1387 4342; baseline 0 -16"><span class='ocrx_word' id='word_1_327' title='bbox 218 4273 357 4335; x_wconf 81' lang='grc' dir='ltr'>Πλαταιεύς</span> <span class='ocrx_word' id='word_1_328' title='bbox 375 4271 502 4335; x_wconf 75' lang='lat' dir='ltr'>mutavit,</span> <span class='ocrx_word' id='word_1_329' title='bbox 522 4289 577 4340; x_wconf 91' lang='lat' dir='ltr'>quo</span> <span class='ocrx_word' id='word_1_330' title='bbox 598 4271 676 4325; x_wconf 81' lang='lat' dir='ltr'>fonte</span> <span class='ocrx_word' id='word_1_331' title='bbox 694 4271 859 4326; x_wconf 75' lang='lat' dir='ltr'><strong>Plutarchus</strong></span> <span class='ocrx_word' id='word_1_332' title='bbox 878 4273 906 4325; x_wconf 90' lang='lat' dir='ltr'>in</span> <span class='ocrx_word' id='word_1_333' title='bbox 926 4272 984 4326; x_wconf 76' lang='lat' dir='ltr'>vita</span> <span class='ocrx_word' id='word_1_334' title='bbox 1002 4271 1109 4326; x_wconf 86' lang='lat' dir='ltr'>Solonis</span> <span class='ocrx_word' id='word_1_335' title='bbox 1129 4290 1193 4326; x_wconf 78' lang='lat' dir='ltr'>usus</span> <span class='ocrx_word' id='word_1_336' title='bbox 1213 4275 1255 4326; x_wconf 76' lang='grc' dir='ltr'>σοί</span> <span class='ocrx_word' id='word_1_337' title='bbox 1281 4273 1387 4342; x_wconf 81' lang='lat' dir='ltr'>(Comp.</span> 
     </span>
     <span class='ocr_line' id='line_1_40' title="bbox 217 4357 1385 4432; baseline 0.001 -18"><span class='ocrx_word' id='word_1_338' title='bbox 217 4359 272 4415; x_wconf 68' lang='lat' dir='ltr'>soi</span> <span class='ocrx_word' id='word_1_339' title='bbox 294 4364 324 4415; x_wconf 77' lang='lat' dir='ltr'>et</span> <span class='ocrx_word' id='word_1_340' title='bbox 341 4359 447 4430; x_wconf 87' lang='lat' dir='ltr'>Poplic.</span> <span class='ocrx_word' id='word_1_341' title='bbox 468 4377 491 4420; x_wconf 88' lang='grc' dir='ltr'>ο,</span> <span class='ocrx_word' id='word_1_342' title='bbox 504 4360 542 4430; x_wconf 81' lang='grc'>4).</span> <span class='ocrx_word' id='word_1_343' title='bbox 573 4361 699 4432; x_wconf 85' lang='grc' dir='ltr'>Δαίμαχος</span> <span class='ocrx_word' id='word_1_344' title='bbox 717 4360 843 4416; x_wconf 85' lang='lat' dir='ltr'>libellum</span> <span class='ocrx_word' id='word_1_345' title='bbox 859 4357 926 4431; x_wconf 63' lang='lat' dir='ltr'>‘supi</span> <span class='ocrx_word' id='word_1_346' title='bbox 945 4357 1080 4430; x_wconf 78' lang='grc' dir='ltr'>εθσεβτίας’</span> <span class='ocrx_word' id='word_1_347' title='bbox 1102 4359 1252 4429; x_wconf 70' lang='lat' dir='ltr'>(Plutarch.</span> <span class='ocrx_word' id='word_1_348' title='bbox 1266 4361 1385 4431; x_wconf 76' lang='lat' dir='ltr'>Lysand.</span> 
     </span>
     <span class='ocr_line' id='line_1_41' title="bbox 218 4448 1385 4520; baseline 0.003 -18"><span class='ocrx_word' id='word_1_349' title='bbox 218 4450 262 4516; x_wconf 81' lang='lat'>12)</span> <span class='ocrx_word' id='word_1_350' title='bbox 287 4448 461 4518; x_wconf 76' lang='lat' dir='ltr'>conscripsit.</span> <span class='ocrx_word' id='word_1_351' title='bbox 485 4449 514 4502; x_wconf 89' lang='lat' dir='ltr'>in</span> <span class='ocrx_word' id='word_1_352' title='bbox 533 4467 587 4518; x_wconf 83' lang='lat' dir='ltr'>quo</span> <span class='ocrx_word' id='word_1_353' title='bbox 606 4454 638 4503; x_wconf 79' lang='lat' dir='ltr'>ut</span> <span class='ocrx_word' id='word_1_354' title='bbox 658 4451 692 4504; x_wconf 80' lang='lat' dir='ltr'>de</span> <span class='ocrx_word' id='word_1_355' title='bbox 711 4453 819 4519; x_wconf 76' lang='lat' dir='ltr'>septem</span> <span class='ocrx_word' id='word_1_356' title='bbox 838 4451 1012 4518; x_wconf 71' lang='lat' dir='ltr'>sapientibus</span> <span class='ocrx_word' id='word_1_357' title='bbox 1031 4455 1136 4519; x_wconf 75' lang='lat' dir='ltr'>ageret..</span> <span class='ocrx_word' id='word_1_358' title='bbox 1156 4450 1240 4505; x_wconf 81' lang='lat' dir='ltr'>facile</span> <span class='ocrx_word' id='word_1_359' title='bbox 1259 4449 1320 4503; x_wconf 81' lang='lat' dir='ltr'>fleri</span> <span class='ocrx_word' id='word_1_360' title='bbox 1337 4468 1385 4520; x_wconf 90' lang='lat' dir='ltr'>po·</span> 
     </span>
     <span class='ocr_line' id='line_1_42' title="bbox 220 4537 1387 4610; baseline 0.001 -17"><span class='ocrx_word' id='word_1_361' title='bbox 220 4541 303 4593; x_wconf 77' lang='lat' dir='ltr'>terat.</span> <span class='ocrx_word' id='word_1_362' title='bbox 344 4537 385 4592; x_wconf 80' lang='lat' dir='ltr'>Cf.</span> <span class='ocrx_word' id='word_1_363' title='bbox 409 4537 549 4608; x_wconf 70' lang='lat' dir='ltr'>Toepffnr,</span> <span class='ocrx_word' id='word_1_364' title='bbox 578 4543 685 4609; x_wconf 80' lang='lat' dir='ltr'>quaest.</span> <span class='ocrx_word' id='word_1_365' title='bbox 709 4539 827 4603; x_wconf 68' lang='lat' dir='ltr'>Pisistr.</span> <span class='ocrx_word' id='word_1_366' title='bbox 851 4540 915 4594; x_wconf 80' lang='lat' dir='ltr'>diss.</span> <span class='ocrx_word' id='word_1_367' title='bbox 940 4539 1055 4610; x_wconf 80' lang='lat' dir='ltr'>Dorpat.</span> <span class='ocrx_word' id='word_1_368' title='bbox 1084 4539 1151 4593; x_wconf 90' lang='grc'>1886</span> <span class='ocrx_word' id='word_1_369' title='bbox 1174 4558 1201 4610; x_wconf 89' lang='grc' dir='ltr'>ρ.</span> <span class='ocrx_word' id='word_1_370' title='bbox 1225 4539 1257 4592; x_wconf 88' lang='grc'>31</span> <span class='ocrx_word' id='word_1_371' title='bbox 1283 4540 1348 4594; x_wconf 76' lang='lat' dir='ltr'>adn.</span> <span class='ocrx_word' id='word_1_372' title='bbox 1370 4541 1387 4594; x_wconf 89' lang='grc'>2</span> 
     </span>
     <span class='ocr_line' id='line_1_43' title="bbox 218 4625 813 4698; baseline 0.005 -19"><span class='ocrx_word' id='word_1_373' title='bbox 218 4625 291 4682; x_wconf 62' lang='grc' dir='ltr'>ΙιἯίῖ</span> <span class='ocrx_word' id='word_1_374' title='bbox 311 4625 417 4680; x_wconf 68' lang='lat'>11442.</span> <span class='ocrx_word' id='word_1_375' title='bbox 437 4626 514 4681; x_wconf 75' lang='lat' dir='ltr'>Diels</span> <span class='ocrx_word' id='word_1_376' title='bbox 534 4627 549 4682; x_wconf 94' lang='lat' dir='ltr'>l.</span> <span class='ocrx_word' id='word_1_377' title='bbox 569 4628 585 4680; x_wconf 83' lang='lat' dir='ltr'>l.</span> <span class='ocrx_word' id='word_1_378' title='bbox 605 4647 631 4698; x_wconf 92' lang='lat' dir='ltr'>p.</span> <span class='ocrx_word' id='word_1_379' title='bbox 651 4627 668 4681; x_wconf 87' lang='lat'>6</span> <span class='ocrx_word' id='word_1_380' title='bbox 687 4627 751 4680; x_wconf 78' lang='lat' dir='ltr'>adn.</span> <span class='ocrx_word' id='word_1_381' title='bbox 772 4627 813 4682; x_wconf 87' lang='lat'>19.</span> 
     </span>
    </p>

    <p class='ocr_par' dir='ltr' id='par_1_19' title="bbox 1175 4717 1208 4770">
     <span class='ocr_line' id='line_1_44' title="bbox 1175 4717 1208 4770; baseline 0 -20"><span class='ocrx_word' id='word_1_382' title='bbox 1175 4717 1208 4770; x_wconf 66' lang='lat'>4·</span> 
     </span>
    </p>
   </div>
   <div class='ocr_carea' id='block_1_10' title="bbox 0 0 1770 5310">
    <p class='ocr_par' dir='ltr' id='par_1_20' title="bbox 0 0 1770 5310">
     <span class='ocr_line' id='line_1_45' title="bbox 0 0 1770 5310; baseline 0 0"><span class='ocrx_word' id='word_1_383' title='bbox 0 0 1770 5310; x_wconf 95' lang='lat' dir='ltr'> </span> 
     </span>
    </p>
   </div>
  </div>
 </body>
</html>
