3442 5324
742 419 784 485 37

151 636 186 700 in
209 655 273 716 quo
295 637 505 718 paedagogus
521 635 670 701 Orestem
693 633 916 718 Pylademque
939 641 1057 715 monet,
1083 639 1119 699 ut
1141 633 1207 698 iam
1223 633 1377 714 quidnam

153 742 275 808 facturi
308 741 375 807 sint
407 741 610 808 constituant
642 739 699 827 (cf.
724 760 754 808 v.
775 739 918 826 15—22)
929 738 963 824 ¹).
1011 739 1075 806 Sed
1107 759 1183 805 num
1222 746 1273 806 est
1306 739 1377 807 veri

151 847 259 914 simile
288 867 343 914 eos
373 849 416 914 ad
444 849 541 914 aedes
564 847 719 930 Aegisthi
746 846 851 928 ipsius
882 846 969 912 inter
997 865 1069 913 sese
1097 846 1254 928 colloqui,
1283 864 1377 927 quem

151 956 193 1020 ad
217 955 345 1020 modum
368 954 461 1020 illum
485 953 682 1020 trucidaturi
706 953 799 1020 sint?

240 1061 354 1142 Neque
378 1061 478 1127 facile
501 1060 665 1142 quispiam
689 1059 868 1126 crediderit
890 1059 977 1142 illos,
1005 1059 1195 1141 priusquam
1218 1060 1281 1124 huc
1303 1078 1378 1141 per-

151 1168 329 1251 venissent,
362 1186 526 1248 nunquam
559 1186 631 1233 eam
660 1167 767 1249 ipsam
798 1185 868 1233 rem
900 1167 1011 1234 verbis
1041 1165 1207 1248 tetigisse,
1242 1171 1378 1248 propter

150 1295 248 1356 qnam
272 1274 411 1357 Delphis
434 1275 543 1357 Argos
566 1274 631 1340 1111
655 1271 857 1358 fecissentl).
905 1274 998 1357 Quod
1021 1278 1151 1355 poetam
1174 1273 1281 1355 ipsum
1305 1292 1377 1338 sen-

149 1382 234 1448 sisse
258 1380 463 1464 intellegitur
486 1401 527 1447 ex
549 1380 662 1448 verbis
685 1381 871 1464 paedagogi
894 1380 946 1446 his
970 1379 1013 1467 (v.
1032 1380 1194 1467 21-22):

841 1501 999 1571 ἐνταῦθ’
1022 1501 1127 1588 ἐμέν,

365 1609 412 1678 ἵν’
435 1609 558 1678 οὐκέτ’
581 1609 710 1679 ὀκνεῖν
732 1608 885 1700 καιρός,
909 1607 989 1677 a’tt‘
1011 1607 1132 1700 ἔργων
1155 1607 1266 1700 α’κμὴ.

239 1739 353 1818 Neque
377 1737 476 1803 aliter
498 1737 614 1805 Ulixes
638 1756 674 1804 se
697 1737 798 1820 gerit,
830 1737 885 1818 qui
909 1756 981 1803 cum
1005 1736 1102 1802 initio
1126 1736 1377 1803 Philoctetae

147 1851 271 1911 sortem
295 1844 386 1910 illius
409 1843 577 1925 explicare
593 1843 747 1926 coeperit,
773 1844 844 1926 ipse
867 1843 1007 1909 mediam
1028 1843 1250 1910 narrationem
1275 1843 1377 1910 inter-

148 1951 284 2034 rumpit,
309 1971 381 2018 cum
405 1951 495 2018 dicat
518 1950 561 2036 (v.
582 1949 741 2036 11-12):

738 2063 822 2132 <illd
844 2070 949 2133 ταῦτα
972 2065 1033 2152 μὲν
1055 2067 1089 2133 τί
1112 2069 1165 2134 δεῖ

365 2173 488 2260 λέγεινς
517 2171 618 2262 α’κμῆ
640 2170 712 2264 γὰρ
736 2170 781 2240 οὐ
802 2177 959 2263 μακρῶν
983 2171 1075 2262 ἡμῖν
1098 2171 1264 2260 λόγωνθ).

242 2302 349 2382 Atque
376 2299 485 2367 simile
515 2301 697 2383 exemplum
721 2306 831 2366 exstat
861 2300 927 2366 alio
960 2300 1103 2366 eiusdem
1133 2301 1267 2366 fabulae
1293 2301 1375 2367 loco.

148 2410 330 2489 Postquam
375 2407 461 2473 enim
498 2407 615 2474 Ulixes
659 2413 692 2472 et
729 2406 962 2488 Neoptolemus
1000 2406 1134 2489 sagittis
1172 2406 1377 2473 Philoctetae

148 2514 294 2582 sublatis
317 2514 383 2580 iam
407 2515 450 2580 ad
473 2533 564 2580 oram
587 2513 787 2580 maritimam
811 2533 883 2581 sese
906 2514 1123 2597 contulerunt,
1148 2514 1203 2581 nbi
1228 2532 1311 2595 quae
1335 2516 1378 2581 ad

147 2623 373 2706 navigandum
408 2640 490 2703 opus
525 2627 634 2688 essent
666 2627 838 2704 pararent,
874 2622 978 2688 111111
1011 2623 1053 2687 ad
1086 2640 1216 2704 specum
1252 2621 1376 2689 reversi

148 2733 233 2798 haec
256 2728 345 2796 inter
365 2747 401 2796 se
425 2728 654 2810 colloquuntur
681 2727 724 2815 (v.
745 2727 949 2814 maa-alp

327 2855 392 2922 ΟΔ.
417 2851 476 2921 οὐκ
499 2848 540 2920 ἂν
562 2851 729 2943 φράσειας
751 2850 852 2943 ἥντιν’
875 2845 919 2920 αὖ
940 2853 1167 2942 παλίντροπος

417 2959 575 3028 κέλευθον
599 2957 714 3051 ἕρπεις
737 2949 802 3027 ὦδε
826 2959 886 3028 σὺν
910 2962 1039 3048 σπουδῇ
1061 2959 1181 3043 razdo,

326 3075 395 3136 NE.
419 3065 526 3135 λύσων
550 3065 600 3134 t'o‘
623 3065 806 3157 ἐξήμαρτον
829 3066 863 3134 ἐν
886 3071 934 3154 τῷ
956 3069 1037 3157 πρὶν
1059 3065 1165 3157 χρόνῳ
1189 3090 1215 3136 c.
1230 3089 1299 3152 (1.1.

239 3196 334 3264 Nunc
361 3195 479 3278 igitur,
520 3213 592 3261 eum
627 3195 670 3260 ad
702 3195 799 3260 finem
830 3194 961 3261 itineris
993 3202 1227 3278 pervenerumt,
1261 3195 1377 3263 Ulixes

147 3325 190 3371 ex
214 3303 426 3386 Neoptolemo
454 3303 603 3368 1111111
630 3302 769 3368 redierit
796 3301 950 3382 quaerit?
996 3302 1155 3369 Totumne
1182 3321 1242 3385 per
1270 3303 1377 3370 itera

148 3412 292 3480 navibus
319 3411 362 3476 ad
389 3429 521 3493 specum
550 3411 673 3476 factum
701 3411 899 3475 tacuerimt?
945 3405 991 3474 At
1013 3427 1234 3490 quaecumque
1261 3410 1377 3478 Ulixes

148 3517 398 3600 Neoptolemum
427 3517 586 3583 hocloco
615 3515 813 3598 interrogat,
845 3518 887 3582 ad
920 3535 1022 3583 naves
1052 3515 1144 3599 ipsas
1170 3516 1377 3600 interrogare

148 3625 278 3708 debuit,
310 3623 507 3705 simulatque
534 3623 592 3690 ille
622 3623 786 3690 sententia
816 3624 856 3689 de
886 3623 1021 3706 sagittis
1051 3624 1220 3706 rapiendis
1250 3629 1377 3692 mutata

148 3733 226 3799 inde
250 3732 406 3799 decedere
429 3738 565 3798 conatus
589 3737 647 3797 est.
695 3730 759 3798 Sed
783 3750 855 3796 cum
878 3730 963 3797 hanc
986 3732 1026 3797 ob
1051 3750 1120 3797 rem
1147 3749 1268 3798 scaena
1291 3737 1378 3799 esset

149 3838 321 3922 mutanda,
350 3837 403 3904 illi
426 3857 498 3905 eam
526 3858 595 3905 rem
628 3839 668 3904 de
691 3857 756 3919 qua
784 3838 850 3904 iam
873 3837 916 3904 ad
939 3857 1030 3904 oram
1053 3837 1253 3905 maritimam
1276 3838 1377 3905 collo·

150 3947 208 4029 qui
231 3947 421 4029 debuerunt,
446 3947 489 4012 ad
511 3964 643 4028 specum
666 3945 773 4028 ipsum
796 3952 968 4029 peragunt.

242 4167 262 4238 ¹)
281 4167 324 4223 Cf.
343 4165 375 4221 G.
390 4165 490 4222 Kaibel
509 4166 571 4224 adn.
591 4167 625 4221 ad
645 4183 670 4220 v.
684 4167 733 4222 21:
752 4165 813 4236 ,Ea
834 4167 870 4222 iot
889 4165 996 4235 eiusad·
1014 4166 1162 4222 1111111111
1180 4167 1292 4238 2111111,
1311 4167 1377 4223 dnae

150 4257 195 4312 die
211 4255 418 4328 Aakdmmlt'nqe
438 4256 538 4328 parade
556 4272 605 4312 vor
622 4255 681 4311 dem
699 4255 810 4324 Paluot,
834 4255 893 4311 dem
911 4256 993 4312 111111
1009 4255 1218 4326 pafdtrlictatea
1238 4255 1300 4324 on,
1319 4257 1378 4312 17111

152 4346 245 4404 Rada·
258 4347 387 4416 11111111

241 4437 262 4507 ¹)
281 4435 323 4493 Ol.
343 4437 375 4492 G.
389 4434 489 4490 Kaihel
508 4435 524 4490 l.
539 4452 561 4493 c.
581 4451 607 4504 p.
621 4435 663 4492 66.

240 4526 262 4596 ⁸)
281 4525 323 4580 cf.
343 4525 657 4594 Schneidewin-Nauck,
676 4525 821 4594 Sophoclea
835 4511 972 4580 Electra⁸
989 4525 1051 4583 adn.
1066 4525 1099 4580 ad
1114 4542 1138 4582 v.
1149 4525 1192 4594 22,
1211 4525 1256 4594 qni
1276 4525 1378 4580 similia

151 4615 273 4685 exempla
291 4617 320 4670 in
339 4615 443 4672 11111111
462 4615 628 4672 Graecorum
647 4617 788 4671 exstantia
808 4615 937 4673 afferunt.
