3452 5316
878 445 1077 544 „rt--

522 654 663 743 Μύστην
679 652 737 721 οὖν
754 655 1004 746 θεορημοσιίιιης
1023 655 1120 736 τόνδ’,
1137 656 1347 748 ἱεροφάντορ,

521 762 666 847 triviras·
689 767 822 848 ξενικῶς
845 763 983 846 δέχνυσο
1007 763 1177 848 εὐμενέως.

519 922 666 1010 Ἰάκωβος
690 927 889 1012 διασωρῖνος
912 923 1007 1013 ἕλλην
1030 923 1152 1013 (iridens.

449 1033 588 1101 Contuli.

448 1160 587 1224 Praeter
617 1159 745 1224 codices
776 1177 913 1240 graecos
945 1165 1055 1225 exstat
1085 1160 1185 1225 etiam
1215 1159 1449 1242 interpretatio
1482 1162 1588 1227 latina

359 1265 527 1331 Ambrosii
558 1265 767 1332 Traversarii
799 1265 831 1351 (i
858 1266 956 1351 1439)
992 1287 1009 1332 e
1038 1268 1150 1332 codice
1180 1269 1318 1348 quodam
1348 1268 1443 1334 nobis
1473 1268 1586 1350 ignoto

360 1371 396 1438 fa
416 1379 451 1438 ta
476 1373 521 1458 (=
539 1372 589 1458 Τ).
637 1373 736 1438 Cuius
765 1372 1050 1455 interpretationis
1075 1375 1203 1440 codices
1232 1374 1352 1441 multos
1376 1376 1546 1455 habemus
1571 1397 1588 1441 e

359 1482 476 1561 quibus
508 1480 693 1546 nominasse
723 1479 806 1546 satis
838 1482 941 1546 habeo
974 1481 1102 1547 codices
1131 1483 1373 1548 Laurentianus
1402 1483 1448 1549 St.
1472 1483 1588 1549 Crucis

358 1587 443 1652 Plut.
461 1587 547 1651 XIII
572 1589 675 1652 dextr.
693 1587 775 1669 XII,
809 1587 896 1653 Plut.
914 1588 992 1652 LIV
1017 1590 1085 1654 cod.
1105 1590 1163 1672 20,
1198 1589 1284 1654 Plut.
1306 1589 1490 1654 LXXXIX
1514 1610 1586 1672 sup.

358 1697 427 1760 eod.
447 1695 488 1760 73
512 1695 670 1776 seriptum
687 1713 784 1760 manu
800 1695 932 1760 NIcolai
949 1695 1086 1777 Ugoliui
1110 1696 1144 1760 in
1163 1696 1271 1762 insula
1287 1697 1366 1763 Chio
1383 1717 1470 1762 anno
1489 1699 1587 1779 1473,

358 1801 627 1883 Riccardianum,
656 1802 861 1868 Marcianum
886 1804 1024 1884 append.
1048 1805 1117 1868 cod.
1137 1803 1335 1886 XXXVIII,
1367 1804 1586 1870 Bodleianum

357 1902 426 1974 cod.
445 1908 583 1974 Miscell.
609 1910 683 1974 665.

446 2015 485 2082 In
514 2015 664 2097 epistulis
675 2015 699 2100 ¹)
724 2016 792 2081 suIs
816 2017 1052 2084 Traversarius
1082 2037 1290 2098 nonnunqum
1318 2017 1586 2104 commemoratffj

356 2122 671 2204 interpretationem,
696 2124 841 2188 sednon
866 2123 923 2206 ita,
948 2129 985 2189 ut
1008 2133 1234 2208 cognoscatur,
1260 2127 1388 2207 quando
1415 2125 1508 2192 facta
1530 2126 1586 2192 sit.

356 2228 544 2295 Notandum
580 2235 688 2294 autem
723 2234 774 2294 est
808 2229 966 2311 codicem,
1002 2249 1064 2310 quo
1097 2250 1173 2296 usus
1211 2239 1274 2314 est,
1311 2251 1481 2314 graecum,
1517 2232 1586 2298 iam

357 2357 472 2402 manus
511 2336 581 2402 eius
622 2336 736 2402 iniisse
775 2337 872 2403 valde
912 2346 1100 2420 corruptum
1140 2338 1200 2423 (ad
1236 2340 1349 2404 ducem
1382 2340 1585 2406 Venetorum

356 2444 570 2510 Franciscum
586 2444 766 2509 Fuscarum
787 2444 844 2526 VI,
858 2464 884 2502 ιι
917 2496 973 2509 ...
999 2447 1124 2528 qrrondo
1142 2446 1266 2511 Aeeteos
1289 2448 1343 2512 tue
1364 2447 1429 2511 nisi
1451 2453 1585 2512 truncus

356 2573 419 2617 nou
441 2554 620 2618 invenietur
644 2554 730 2634 aprio
753 2553 835 2636 nos).
883 2553 1035 2619 Revera
1060 2552 1290 2634 interpretatio
1315 2572 1441 2634 quoque
1466 2573 1584 2635 parum

356 2660 487 2741 integra
522 2664 585 2741 est,
626 2660 768 2739 ordoque
803 2678 912 2725 rerum
950 2659 1115 2726 confusus.
1182 2662 1306 2726 Desunt
1344 2661 1428 2726 enim
1469 2661 1504 2725 in
1543 2681 1584 2726 ea

356 2787 386 2848 p.
406 2768 457 2849 23,
471 2767 596 2848 2--32,
611 2787 635 2823 ιι
660 2773 693 2830 et
717 2767 922 2848 Idae-49,
935 2785 969 2849 ιιι,
998 2786 1028 2848 p.
1049 2767 1126 2848 23,ι
1150 2773 1329 2847 sequuntur
1356 2768 1409 2849 58,
1425 2769 1585 2850 ιι-67,ι

356 2881 425 2939 tum
441 2876 567 2940 domum
585 2875 672 2956 3211
690 2893 791 2955 usque
808 2876 849 2940 ad
866 2873 973 2956 finem,
998 2874 1128 2940 omiSsis
1150 2875 1192 2940 iis
1216 2893 1299 2955 quae
1323 2881 1421 2940 antea
1437 2881 1582 2941 exstent.

444 2982 558 3048 Editio
586 2981 755 3064 princeps:
793 2982 922 3048 Aeneas
946 2983 1097 3048 Gazaeus
1121 2982 1321 3048 Platonicus.
1369 2983 1419 3048 De
1448 2982 1583 3048 immor-

355 3089 487 3155 talitate
511 3089 693 3154 animorum
717 3089 820 3154 latine
843 3089 946 3155 vertit
969 3090 1162 3156 Ambrosius
1179 3089 1450 3172 Gamaldidensis
1474 3091 1583 3158 Vene-

355 3196 412 3261 tiis
435 3216 495 3278 per
519 3196 612 3262 Alerr.
638 3198 677 3262 de
700 3196 883 3278 Paganinis
911 3197 996 3261 1513
1020 3198 1112 3262 facta
1136 3203 1193 3263 est.

447 3394 465 3460 ¹)
485 3393 621 3446 Ambrosii
641 3392 814 3446 Traversarii
834 3391 938 3445 ietInae
957 3392 1091 3460 epistolae
1110 3409 1127 3446 a
1146 3393 1253 3447 domino
1274 3393 1357 3447 Petro
1372 3394 1514 3462 Camneto,
1532 3395 1582 3449 ed-

354 3483 427 3537 cedit
451 3482 570 3536 eiusdem
590 3482 727 3535 Ambrosii
746 3484 806 3536 vita
829 3499 846 3535 a
865 3482 1016 3536 Laurentio
1036 3482 1140 3550 Mehus,
1164 3483 1321 3536 Florentiae
1344 3499 1378 3536 ex
1397 3484 1581 3553 typographio

354 3574 487 3628 Caesareo
506 3571 676 3625 MDGCLIX.
696 3603 729 3609 -
754 3572 796 3625 Cf.
817 3587 856 3639 ep.
871 3571 949 3640 XIII,
959 3595 980 3626 a
1006 3572 1041 3626 ad
1060 3571 1219 3626 Michaelem
1239 3571 1402 3626 monachum
1430 3573 1581 3627 movimus

354 3662 428 3716 abate
446 3667 470 3715 et
483 3661 605 3716 volumen
623 3661 694 3715 illud
704 3677 831 3731 praecum
850 3662 898 3714 obi
910 3667 949 3718 est
961 3661 1069 3716 Aeneae
1088 3661 1221 3732 dictoque,
1241 3677 1316 3729 quein
1335 3660 1392 3729 epti
1406 3663 1581 3717 redemimus

354 3753 433 3821 (quae
452 3753 555 3818 scripta
573 3756 616 3805 est
633 3767 705 3804 anno
719 3751 798 3819 1438)
819 3756 847 3804 et
860 3751 992 3818 imprimis
1006 3750 1143 3819 xxiiim
1156 3750 1190 3804 ad
1203 3750 1370 3806 Androolum
1383 3751 1579 3806 lastinianum.

443 3841 463 3910 ²)
483 3841 524 3896 Cf.
546 3841 695 3909 Augustini
715 3840 864 3894 Iustiniani
889 3842 968 3907 epist.
988 3841 1023 3893 ad
1043 3840 1199 3909 Philippum
1218 3840 1330 3894 Senium
1350 3840 1442 3909 (1513)
1472 3841 1579 3910 „Quum

352 3947 414 3986 uero
439 3929 600 3985 Aiiiuroetus
625 3929 842 3984 Gomctdtdeneie
867 3931 1028 3997 aionaetua,
1056 3945 1128 3984 unio
1156 3929 1189 3984 de
1216 3929 1450 3984 ieutauratortbue
1476 3931 1579 3985 latinae

353 4019 473 4089 linquae,
497 4019 602 4074 rediens
621 4021 867 4089 epereqrr'notione
890 4019 1200 4088 Constantinopolitano,
1220 4036 1302 4088 quom
1324 4021 1467 4074 literarum
1484 4020 1577 4091 qratia

354 4125 413 4163 curi
446 4110 572 4164 Geor-ino
604 4115 629 4162 et
660 4108 804 4178 Philetpto
835 4107 952 4175 obierat,
983 4109 1059 4177 forte
1085 4109 1204 4177 fortuna
1240 4110 1271 4162 in
1307 4108 1428 4164 iteratam
1458 4117 1580 4165 nostram

357 4200 451 4254 Otium
463 4199 614 4253 divertisset
633 4240 638 4251 .
654 4242 680 4256 ..
700 4205 822 4266 acceptus
833 4198 980 4268 toriorifiee
998 4199 1071 4267 apud
1085 4217 1165 4254 ouurn
1183 4215 1238 4252 non
1251 4200 1333 4267 prius
1350 4199 1386 4252 ab
1398 4216 1429 4254 eo
1448 4199 1579 4267 dieemmt,

354 4303 433 4355 quam
456 4288 501 4342 illi
526 4289 644 4342 libellum
668 4287 878 4356 micea-omum
905 4288 938 4341 de
963 4287 1115 4342 animorum
1140 4287 1345 4342 inimortetttote
1370 4288 1403 4342 de
1424 4305 1523 4360 praeco
1548 4291 1577 4343 in

352 4384 474 4431 nostrum
494 4379 602 4432 uerterit
620 4379 790 4433 senionem<
823 4377 914 4448 Negat
936 4382 1029 4432 eutem
1048 4378 1143 4432 Mehns
1162 4378 1336 4432 Ambrosium
1355 4394 1477 4445 unquam
1491 4380 1578 4434 fuisse

352 4469 381 4521 in
401 4467 513 4521 Oriente
533 4467 592 4536 (1.1,
612 4468 639 4520 II
661 4469 722 4537 105)
751 4467 816 4536 „poi
836 4466 969 4522 Oriente-tn
994 4485 1132 4534 utinquam
1151 4467 1279 4538 eopiutoit
1297 4508 1304 4520 .
1319 4511 1345 4524 ..
1377 4467 1454 4536 Quae
1472 4468 1576 4536 quidem

352 4557 499 4626 alleporico
516 4557 591 4612 dicte
608 4575 663 4612 nou
682 4558 806 4612 indicant
830 4558 908 4614 Trou.
924 4559 1170 4628 perpotationem
1189 4561 1218 4611 in
1233 4557 1386 4626 Graeciam,
1407 4577 1489 4628 queam
1509 4575 1576 4613 rtien-

353 4664 431 4713 qrmm
451 4650 576 4715 mescepii,
595 4648 641 4701 sed
660 4689 665 4700 .
681 4692 686 4702 .
702 4652 728 4702 ,·’·
