3428 5310
956 417 976 479 6

354 628 418 694 Sed
442 635 478 694 ut
502 628 585 694 illud
611 633 838 710 argumentum
861 637 1119 714 praetereamus
1149 651 1224 697 num
1249 640 1299 698 est
1323 634 1482 700 credibile
1505 635 1574 719 Cly-

353 740 563 801 taemestram
586 741 759 817 postquam
775 738 861 816 quod
881 738 1151 821 desideraverat·
1164 742 1244 805 bene
1261 741 1406 822 cesserit,
1432 760 1575 807 securam

353 842 441 908 dulci
476 861 587 908 somno
623 843 694 910 s'ese
729 844 847 910 dedere
886 846 998 912 eodem
1036 852 1182 930 tempore
1215 865 1277 928 quo
1311 847 1506 930 Aegisthum
1541 851 1575 914 de

353 948 480 1016 Orestis
519 955 623 1016 morte
657 949 745 1016 votis
784 968 881 1031 quam
919 953 1071 1034 plurimis
1110 954 1258 1037 expetita
1295 954 1468 1021 certiorem
1507 956 1575 1022 fieri

354 1056 564 1139 suspicatur?

442 1163 597 1246 Sequitur
612 1165 810 1250 Aeschylum
835 1167 929 1233 utin
953 1167 1030 1234 aliis
1052 1187 1133 1249 quas
1157 1169 1301 1235 tractavi
1325 1171 1509 1253 tragoediis
1532 1172 1576 1237 ita

219 1327 221 1332 .
353 1270 453 1336 etiam
476 1271 511 1336 in
528 1272 728 1354 Ohoephoris
745 1275 976 1357 componendis
1000 1274 1069 1358 legi
1091 1276 1143 1341 ilii
1160 1277 1398 1343 Aristotelieae
1417 1279 1575 1360 paruisse.

442 1379 547 1463 Quam
573 1397 643 1445 rem
672 1380 842 1447 molestum
871 1401 943 1448 esse
970 1382 1151 1466 vinculum,
1184 1401 1247 1464 quo
1278 1385 1419 1450 materia
1447 1386 1577 1468 copiosa

352 1504 417 1551 non
442 1486 543 1552 facile
566 1486 641 1568 cogi
664 1489 784 1570 possit,
817 1489 890 1569 quis
915 1495 965 1555 est
992 1489 1049 1570 qui
1076 1491 1274 1573 negaverit?
1321 1493 1413 1576 Quae
1436 1512 1509 1558 oum
1533 1493 1578 1558 ita

354 1599 476 1676 essent,
509 1593 721 1676 factumest,
753 1601 789 1661 ut
812 1601 929 1678 poetae
959 1597 1081 1680 tragici
1109 1617 1174 1664 non
1197 1599 1308 1664 omnia
1336 1605 1403 1665 tam
1427 1606 1578 1666 accurate

353 1707 451 1781 atque
478 1700 651 1783 perspicue
682 1702 849 1784 explicare
879 1710 1015 1787 possent
1043 1722 1140 1785 quam
1171 1705 1201 1772 si
1228 1706 1318 1772 nullo
1349 1706 1577 1788 impedimento

317 1879 320 1884 ,
352 1808 514 1890 prohibiti
531 1815 649 1892 essent,
674 1810 802 1877 sedhic
825 1810 898 1876 illio
917 1823 971 1878 res
987 1811 1070 1879 satis
1093 1813 1199 1878 libere
1215 1819 1248 1879 et
1262 1813 1402 1880 licenter
1424 1819 1577 1895 tractare,

353 1915 432 1996 quin
456 1915 555 1981 etiam
579 1918 720 2000 speciem
743 1918 793 1983 rei
818 1918 927 1984 laetae
950 1922 1146 2000 perturbare
1170 1926 1374 2002 cogerentur.

443 2023 537 2108 Quod
560 2024 695 2091 Persis
724 2025 839 2091 fabula
868 2044 965 2106 quam
994 2027 1116 2108 optime
1139 2028 1358 2094 demonstrari
1380 2033 1498 2110 potest.
1545 2027 1578 2094 Si

353 2131 439 2196 enim
463 2132 740 2213 comparabimus,
773 2150 866 2213 quem
897 2135 1097 2200 admodum
1126 2135 1187 2200 hac
1210 2135 1246 2200 in
1274 2135 1390 2202 fabula
1419 2141 1519 2216 atque
1546 2135 1578 2200 in
1691 2121 1692 2126 ἵ

352 2239 514 2304 Herodoti
535 2238 622 2305 lihro
639 2239 721 2306 VHI
738 2239 822 2326 (cap.
832 2239 978 2326 97-98)
995 2241 1105 2308 clades
1122 2241 1245 2308 Xerxis
1261 2241 1346 2310 Susa
1365 2243 1576 2324 renuntietur,

353 2353 484 2428 poetam
508 2365 659 2412 ererum
685 2347 860 2430 scriptore,
890 2347 926 2414 id
949 2356 1000 2414 est
1022 2368 1043 2414 a
1065 2351 1163 2415 rebus
1187 2349 1285 2432 ipsis,
1317 2350 1507 2433 discrepare
1529 2349 1576 2415 in-

353 2454 529 2520 veniemus.

443 2563 540 2643 Apud
558 2562 761 2629 Herodotum
785 2563 871 2629 enim
895 2569 1068 2646 postquam
1092 2564 1202 2632 clades
1218 2564 1402 2632 Salaminia
1426 2568 1577 2630 enarrata

355 2674 414 2751 est,
439 2669 597 2753 scriptum
620 2669 761 2752 legimns
786 2669 883 2756 (VIII
906 2671 1065 2756 97-98):

447 2773 558 2842 Ταῦτά
584 2800 620 2842 τε
643 2773 713 2860 ἅμα
737 2775 862 2865 Ξὲρξης
892 2776 1002 2844 ἐποίεε
1033 2779 1088 2845 καὶ
1112 2775 1240 2862 ἔπεμπε
1264 2777 1298 2855 ἐς
1321 2775 1457 2867 Πέρσας
1480 2775 1575 2862 α’γγε-

354 2881 469 2950 λέοντα
498 2881 557 2972 τὴν
580 2882 771 2974 παρεοῦσάν
796 2907 857 2974 σφι
882 2882 1066 2974 συμφορήν.
1118 2883 1249 2952 Τούτων
1278 2883 1314 2952 δὲ
1343 2888 1409 2950 τῶν
1440 2882 1575 2970 ἀγγέλων

357 2989 427 3058 abac
451 2987 549 3058 οὐδὲν
574 2987 592 3058 ὃ
614 3017 647 3058 τι
670 2993 802 3059 θᾶσσον
825 2992 1042 3082 παραγίνεται
1065 2989 1191 3082 θνητὸν
1215 2990 1278 3060 ἐόν.

444 3101 573 3167 Xerxes
604 3101 708 3182 igitur
734 3107 810 3182 post
837 3101 963 3166 cladem
991 3102 1097 3182 ipsam
1125 3109 1294 3182 acceptam
1324 3120 1400 3167 suos
1424 3101 1463 3164 de
1492 3098 1575 3165 cala-

354 3209 471 3274 mitate
502 3208 562 3274 illa
584 3227 644 3290 per
671 3209 804 3274 nuntios
833 3209 990 3274 certiores
1015 3208 1110 3290 fecit,
1142 3207 1260 3288 quibus
1288 3215 1357 3273 tum
1385 3225 1480 3275 nemo
1509 3212 1576 3272 erat

355 3316 503 3382 celerior.
551 3314 674 3383 Contra
705 3315 739 3380 in
768 3315 926 3400 Aeschyli
956 3315 1071 3380 fabula
1094 3317 1216 3381 Persae
1246 3316 1350 3381 nescii
1381 3320 1458 3381 sunt
1485 3332 1574 3380 cesus

354 3421 459 3505 illius,
494 3425 597 3488 donec
624 3422 758 3488 nuntius
785 3421 929 3504 advenit,
964 3441 1058 3502 quem
1082 3423 1210 3518 Xerxes
1241 3442 1306 3488 non
1329 3421 1422 3504 prius
1445 3422 1576 3488 miserat

355 3548 452 3610 quam
474 3548 577 3612 prope
600 3550 622 3596 a
643 3529 737 3598 Susis
761 3532 886 3596 aberat.

445 3637 570 3722 Quibus
586 3637 696 3704 causis
712 3637 897 3721 Aeschylus
921 3645 958 3703 ut
980 3657 1034 3703 res
1057 3637 1135 3704 illas
1156 3644 1299 3704 mutaret
1321 3641 1500 3704 commotus
1524 3636 1575 3716 sit,

356 3744 622 3811 econsuetudine
639 3745 708 3810 eius
726 3744 841 3811 elucet.
873 3744 909 3811 Si
926 3746 1012 3811 enim
1031 3764 1084 3811 res
1101 3745 1192 3827 ipses
1208 3751 1320 3828 gestas
1337 3749 1468 3810 secutus
1484 3749 1575 3822 esset,

355 3854 443 3919 inter
458 3853 633 3919 adventum
657 3852 765 3918 nuntii
789 3858 887 3933 atque
906 3852 996 3935 regis
1020 3853 1125 3935 ipsius
1148 3853 1281 3934 longum
1297 3851 1455 3933 temporis
1480 3852 1577 3916 inter-

355 3960 480 4028 vallum
504 3960 774 4042 interponendum
798 3960 933 4042 fuisset,
965 3979 1042 4026 nam
1066 3966 1299 4042 praeterquam
1321 3960 1407 4040 quod
1429 3976 1576 4026 cursores

354 4068 506 4134 Persicos
529 4067 630 4133 multo
655 4073 730 4133 ante
759 4068 793 4133 in
817 4069 960 4150 patriam
983 4067 1174 4150 pervenisse
1197 4068 1378 4149 putandum
1401 4073 1452 4132 est
1483 4083 1576 4146 quam

354 4193 507 4258 magnum
531 4175 707 4240 Persarum
732 4176 925 4259 exereitum,
955 4175 1061 4241 Xerxi
1085 4175 1138 4242 vel
1166 4175 1302 4240 maximi
1330 4174 1462 4240 labores
1486 4177 1576 4239 erant

355 4282 567 4366 suscipiendi,
592 4282 710 4363 quibus
734 4283 859 4350 reditus
882 4289 1015 4365 praeter
1038 4301 1129 4364 spem
1152 4283 1355 4348 trahebatur.

445 4391 547 4471 Atqui
570 4389 693 4456 dixerit
715 4391 805 4470 quis:
838 4391 960 4476 Quidni
977 4391 1161 4474 Aeschylus
1184 4391 1247 4456 hae
1270 4391 1304 4456 in
1328 4387 1444 4455 fabula
1468 4389 1573 4456 eadem

355 4498 460 4564 utitur
488 4497 617 4564 ratione
648 4515 712 4578 qua
744 4499 779 4563 in
806 4500 1064 4581 Agamemnone,
1098 4497 1155 4563 ubi
1183 4517 1244 4564 rex
1275 4514 1470 4578 quamquam
1500 4501 1573 4559 tem-

356 4611 483 4688 pestate
508 4624 682 4687 oppressus
707 4611 792 4688 erat,
818 4612 927 4670 tamen
951 4606 1062 4672 eodem
1087 4611 1232 4686 tempore
1256 4603 1290 4670 in
1314 4603 1457 4686 patriam
1480 4599 1573 4667 rediit
