3452 5314
663 391 876 486 «41-

244 605 372 671 Birtius
384 604 407 691 1)
439 605 481 671 iis
512 604 675 689 versibus,
707 606 825 685 quibus
857 607 1071 688 comprobare
1102 609 1240 670 conatur
1269 609 1385 686 poetas

157 712 357 796 bisyllabam
378 711 681 794 pronuntiationem
695 711 941 778 terminationis
965 733 1038 779 -eus
1061 716 1205 778 sectatos
1226 717 1260 776 et
1275 710 1385 777 vocali

155 819 344 899 insequenti
367 824 535 885 assecutos
559 837 641 902 esse,
666 818 795 885 addidit
818 818 906 885 Stati
930 817 1111 884 Thebaidis
1134 817 1212 883 bos:

262 935 314 1001 IX
340 936 419 1002 138:
455 935 582 1018 Tydeus
604 937 672 1018 ipse
693 937 799 1019 ropit;
828 941 955 1018 postet
978 934 1116 1017 ooufeetu
1139 935 1279 1000 uirorum

338 1044 419 1110 253:
452 1044 601 1129 Hypseus
625 1044 789 1128 Astyoyem
812 1063 1041 1126 evasurumque
1063 1043 1177 1124 relicte,

156 1152 274 1232 quibus
298 1151 429 1218 adioere
452 1152 561 1233 potuit
677 1197 683 1236 ,

263 1258 314 1324 IX
340 1259 419 1324 181:
454 1258 580 1342 Tydeus
603 1259 656 1324 uu
678 1259 753 1341 solo,
778 1259 868 1324 modo
891 1259 944 1324 eui
968 1256 1119 1323 Turtam
1141 1257 1288 1340 sequenti.

245 1375 318 1441 Illis
342 1376 467 1441 duobus
491 1374 574 1440 loeis
598 1375 662 1460 (IX
681 1374 744 1440 138
768 1373 899 1460 01253)
922 1396 994 1439 -eus
1018 1372 1283 1439 terminationem
1307 1372 1386 1436 dua-

156 1484 217 1547 bus
248 1481 389 1568 syllabis
420 1481 666 1564 pronuntiatam
699 1501 770 1547 esse
793 1479 957 1566 Birrius2)
989 1485 1101 1546 censet
1131 1479 1272 1544 maxime
1300 1497 1387 1544 com-

155 1595 263 1656 motus
286 1589 496 1671 repetitionis
520 1589 629 1671 figura
653 1609 673 1655 1
700 1596 799 1671 poeta
823 1588 871 1654 ibi
895 1587 1056 1670 adbibita,
1081 1587 1138 1653 ubi
1161 1587 1318 1670 legimus:

264 1707 315 1772 IX
341 1707 420 1772 137:
776 1756 783 1770 .
810 1759 816 1770 .
843 1758 849 1770 .
875 1704 972 1771 Hune
994 1705 1052 1771 tt'bi
1079 1704 1213 1788 Tydeus,

454 1814 581 1896 Tydeus
603 1815 670 1897 ipse
692 1815 779 1896 rapit
804 1865 809 1876 .
837 1865 843 1878 .
870 1863 876 1877 .

157 1922 239 1985 252:
273 1921 390 1987 Sternit
409 1920 493 1987 Ioue
510 1919 664 2002 Chromis,
692 1919 840 1987 Chromin
856 1919 1022 2002 Antiphos,
1049 1918 1212 2001 Antiphon
1228 1917 1386 2002 Hypseus,

190 2087 198 2110 ,
277 2027 424 2111 Hypseus
447 2027 610 2112 Astyuyeu
635 2081 641 2094 .
670 2081 675 2093 .
703 2081 709 2094 .

247 2144 356 2210 Antea
390 2144 476 2210 enim
509 2141 673 2230 Birtiusff)
708 2144 906 2210 sententiam
941 2162 1034 2209 suam
1067 2141 1221 2224 exposuit
1256 2141 1290 2206 in
1324 2139 1388 2205 fine

156 2270 274 2319 versus
290 2251 474 2317 hexametri
496 2257 611 2335 poetas
628 2251 751 2317 Latina
767 2250 1036 2333 pronuntiatione
1059 2269 1135 2316 usos
1152 2267 1224 2314 esse
1249 2247 1387 2314 alteram

157 2359 358 2440 superfluam
382 2359 545 2444 syllabam
569 2358 665 2439 quasi
688 2361 951 2441 submergentes:

252 2465 311 2550 ,In
334 2465 388 2533 die
411 2464 510 2532 letzte
533 2467 689 2548 Senkung
712 2467 888 2533 versenkte
911 2465 982 2532 siob
1007 2467 1088 2531 eben
1108 2447 1388 2546 llberssbdssiges

158 2592 213 2641 am
248 2575 379 2640 beaten:
424 2591 551 2641 warum
586 2571 682 2639 sollte
721 2572 812 2639 solob
848 2574 1067 2655 angenebmer
1101 2571 1263 2638 Versteok
1297 2571 1389 2636 110111

157 2681 245 2747 auch
283 2681 346 2745 den
383 2679 619 2748 Nominativen
661 2677 803 2763 Orpbeus
838 2679 974 2746 Perseus
1013 2699 1054 2745 zu
1087 2679 1174 2746 Gute
1213 2679 1388 2744 kommen?

157 2788 239 2854 Man
261 2788 351 2853 kann
372 2787 454 2854 doob
477 2787 570 2852 nieht
593 2787 760 2853 emstbaft
776 2788 925 2869 dagegen
948 2787 1121 2868 anfiibren,
1147 2787 1224 2852 dass
1247 2784 1389 2868 zufallig

158 2894 239 2960 kein
270 2915 386 2961 aureus
413 2896 523 2980 iyueus
552 2913 605 2959 am
633 2893 727 2960 Ende
751 2894 823 2960 sich
852 2893 955 2959 findet
985 2931 1026 2939 -
1061 2892 1149 2960 wohl
1178 2895 1259 2959 aber
1286 2892 1390 2958 findet

158 3003 233 3068 sieb
263 3003 302 3084 J'a
336 3023 435 3069 aurea
471 3000 567 3088 -⁴);
610 3003 697 3067 denn
730 3002 793 3067 den
828 3001 1127 3067 fremdl'andisoben
1161 2999 1388 3082 Eigennamen

159 3110 283 3175 konnte
306 3110 373 3176 und
395 3116 518 3176 musste
546 3129 600 3176 um
624 3110 682 3174 der
705 3108 963 3191 Sohwierigkeit
986 3107 1101 3177 willen
1123 3107 1200 3173 sehr
1224 3106 1313 3175 wohl
1336 3107 1390 3172 011

159 3217 323 3283 Vorreobt
345 3216 513 3283 zustehn“.

251 3323 322 3406 Ego
345 3343 471 3405 quoque
494 3329 573 3407 puto
590 3342 663 3390 eum
678 3323 787 3389 Birtio
812 3323 864 3388 bis
888 3322 1075 3389 nominibus
1092 3321 1232 3389 Graecis
1255 3321 1390 3402 aliquod

158 3430 373 3513 privilegium
395 3431 530 3496 concedi
545 3449 651 3513 posse,
677 3431 734 3496 sed
757 3430 816 3512 ita,
841 3436 878 3495 ut
893 3430 1093 3513 dipthongus
1116 3452 1179 3512 -eu,
1203 3448 1287 3511 quae
1304 3434 1390 3494 0010-

158 3557 232 3604 rum
264 3539 350 3620 apud
374 3538 513 3604 Latinos
541 3539 648 3604 minus
677 3538 803 3604 usitata
826 3543 913 3619 0111,
944 3538 980 3603 11
1002 3538 1046 3603 iis
1071 3537 1272 3604 Graecorum
1300 3553 1390 3602 more

157 3665 219 3728 pro
251 3665 316 3712 una
346 3645 478 3730 syllaba
507 3651 706 3712 servaretur.
754 3645 818 3713 Sed
848 3645 937 3711 Birti
975 3645 1140 3712 sententia
1170 3644 1251 3711 mibi
1285 3642 1390 3710 artifi-

158 3752 283 3819 ciosior
317 3772 388 3818 esse
423 3753 567 3836 videtur,
609 3771 706 3833 quam
741 3759 778 3819 11
812 3753 843 3818 01
879 3752 1035 3819 assentiri
1071 3753 1194 3835 possim
1203 3749 1238 3838 ⁵).
1286 3751 1389 3817 Immo

159 3866 277 3926 001110
300 3879 373 3926 eum
396 3861 505 3927 iudico
527 3861 735 3943 repetitionis
758 3860 867 3943 figura
883 3861 1102 3955 demonstrari
1125 3859 1389 3927 terminationem

159 3988 232 4033 -eus
270 3967 305 4033 11
335 3968 422 4034 thesi
459 3968 559 4052 primi
598 3968 690 4051 pedis
728 3968 872 4051 positam
910 3987 1008 4034 unam
1044 3967 1207 4052 syllabam
1246 3965 1388 4049 01110010,

252 4145 1099 4216 bffimMmfflmXHWpfflfifflfflfflpffi.

251 4237 271 4304 ²)
291 4237 380 4305 Birt,
404 4236 473 4291 llus.
487 4236 574 4290 Rheu.
593 4235 711 4292 XXXIV
730 4253 755 4305 p.
768 4237 811 4292 31.
850 4235 892 4290 Cf.
912 4238 997 4290 etiam
1016 4235 1068 4289 ult
1088 4235 1179 4303 Suppl.
1198 4250 1224 4303 p.
1239 4235 1280 4288 11.

251 4325 272 4396 ⁸)
292 4327 382 4395 Birt,
406 4326 476 4381 blus.
490 4325 575 4382 Rhen.
596 4325 713 4380 XXXIV
732 4343 757 4395 p.
770 4327 813 4382 30.

250 4417 271 4486 ⁴)
291 4416 400 4485 Optimo
426 4417 486 4470 iure
512 4431 573 4470 oum
599 4416 745 4471 Skutschio
773 4421 870 4470 eontra
894 4416 1015 4470 Birtium
1039 4419 1106 4484 puto
1132 4414 1160 4469 id
1184 4413 1280 4470 afferri
1302 4429 1389 4483 posse,

160 4521 225 4560 nam
237 4522 323 4560 aureo
342 4506 448 4561 1111111
467 4512 660 4576 argumentum
672 4506 794 4575 praebet,
814 4521 876 4560 oum
894 4505 1011 4562 ablativi
1030 4523 1048 4560 o
1067 4505 1171 4560 vosalia
1189 4504 1325 4572 producta
1343 4505 1389 4561 sit.

251 4597 273 4666 ⁵)
292 4595 472 4651 Sniehotta
495 4595 513 4652 1.
527 4612 549 4651 0.
568 4611 594 4664 p.
610 4597 650 4651 14.
