3442 5324
730 423 773 490 45

644 516 855 524 ..ι-ι-

225 637 335 718 Neque
359 638 450 704 aliud
474 639 590 705 docent
613 641 716 705 verba
739 638 831 704 chori
854 636 898 724 (v.
919 638 982 704 105
1006 645 1039 702 et
1064 637 1140 722 107)

347 754 412 820 καὶ
434 752 509 843 μὴν
530 751 621 820 τόδε
643 751 779 842 κύριον
802 745 920 842 ἦμαρ,

349 849 375 945 ᾦ
398 857 468 950 χρὴ
493 883 566 949 σφε
588 862 726 946 μολεῖν
749 858 845 927 κατὰ
869 859 983 946 γαίας

138 975 170 1035 et
194 968 338 1035 famulae
362 967 406 1055 (v.
426 969 519 1055 147);

348 1073 586 1164 πεπρωμένη
609 1072 680 1164 γὰρ
704 1073 828 1164 ἡμέρα
850 1074 1044 1163 βιάζεται.

225 1192 333 1273 Atque
367 1211 439 1272 cum
474 1193 643 1259 Alcestide
681 1199 810 1259 mortua
844 1193 928 1258 nihil
964 1194 1034 1258 lere
1072 1196 1193 1274 agatur
1226 1190 1292 1256 nisi
1327 1195 1363 1256 ut

136 1299 296 1366 Hercules
320 1301 359 1366 dc
389 1299 481 1366 illius
509 1305 597 1366 sorte
622 1299 744 1365 certior
772 1299 881 1366 factus
910 1319 981 1365 eam
1006 1318 1047 1364 ex
1074 1297 1193 1363 inferis
1216 1297 1362 1379 reducat,

138 1406 285 1473 fabulam
318 1406 407 1472 intra
439 1426 537 1473 unum
570 1406 651 1474 solis
682 1406 854 1473 circuitum
889 1407 931 1472 ad
963 1406 1060 1472 finem
1093 1405 1229 1487 perduci
1259 1404 1364 1470 mani-

138 1513 257 1580 festum
282 1519 340 1580 est.

226 1621 289 1687 Sed
323 1620 422 1686 etiam
454 1620 551 1687 initio
585 1620 797 1704 Hippolyti
836 1618 970 1687 fabulae
1002 1621 1112 1688 Venus
1145 1619 1198 1685 ira
1230 1618 1365 1686 incensa

134 1747 168 1793 se
204 1727 266 1793 hoc
298 1727 351 1793 die
384 1727 624 1794 adulescentem
657 1728 750 1794 illum
783 1734 908 1794 castum
940 1728 1082 1794 ulturam
1115 1745 1186 1793 esse
1218 1726 1364 1792 minatur

134 1844 191 1929 (cl.
217 1864 248 1911 v.
267 1844 413 1909 21-22:
450 1841 471 1908 ἃ
495 1841 588 1921 δἐἰς
610 1841 660 1928 ἔμ’
684 1841 859 1933 ἡμάρτηκε,
882 1841 1166 1933 τιμωρήσομαι

449 1948 677 2018 Ἱππόλυτον
700 1949 739 2018 ἐν
761 1949 841 2038 τῇδ’
865 1949 1017 2041 ἡμέρᾳ).

226 2067 335 2148 Atque
372 2066 405 2132 in
436 2067 501 2133 fine
530 2067 661 2151 prologi
698 2087 782 2150 quae
813 2069 908 2135 modo
939 2068 1025 2134 dixit
1058 2069 1162 2134 denuo
1191 2066 1365 2134 confirmat

134 2174 188 2240 his
213 2174 324 2241 verbis
349 2173 392 2260 (v.
410 2175 572 2261 56-57):

618 2270 658 2339 ού
679 2270 742 2363 γὰρ
765 2266 828 2340 οἷδ’
851 2270 1056 2360 ἀνεῳγμένας
1078 2269 1187 2349 πύλας

345 2375 462 2445 ‘'Atdov
485 2375 586 2467 φάος
608 2405 648 2446 τε
671 2379 858 2447 λοίσθιον
880 2378 1034 2466 βλέπων
1057 2377 1191 2466 σόύεί).

227 2505 299 2571 Iam
322 2505 401 2586 quia
428 2513 532 2572 morte
555 2506 732 2590 Hippolyti
762 2507 876 2573 fabula
903 2507 977 2589 ipsa
1000 2507 1128 2588 linitur,
1157 2505 1305 2586 sequitur
1328 2511 1365 2571 ut

136 2612 226 2678 actio
250 2618 321 2679 tota
344 2613 465 2680 finibus
488 2614 584 2680 unius
608 2614 674 2680 diei
699 2614 914 2680 contineatur.

227 2718 341 2800 Neque
379 2720 414 2785 in
451 2720 588 2804 prologo
623 2721 805 2787 Hecubae
840 2721 1018 2803 Euripides
1057 2722 1099 2787 ab
1138 2719 1198 2786 illa
1235 2719 1365 2786 ratione

136 2826 289 2908 discedit,
314 2826 427 2907 inquo
448 2826 658 2893 simulacrum
674 2827 831 2912 Polydori
855 2827 885 2894 si
901 2828 1008 2894 minus
1025 2833 1127 2894 totam
1144 2827 1306 2893 actionem
1330 2833 1366 2892 at

136 2940 229 3000 certe
256 2934 399 3015 priorem
427 2941 555 3016 partem
584 2935 654 3001 eius
684 2973 726 2981 -
757 2954 868 3002 necem
892 2935 1081 3020 Polyxenae
1104 2935 1228 3001 sororis
1255 2971 1299 2982 -
1327 2953 1364 3000 eo

136 3041 191 3106 die
212 3059 275 3121 quo
299 3040 371 3122 ipse
394 3041 430 3106 in
453 3061 605 3108 scaenam
629 3042 791 3124 prodierit
812 3042 996 3109 confectum
1020 3042 1063 3108 iri
1087 3042 1290 3110 vaticinatur
1313 3041 1365 3107 his

136 3147 250 3214 verbis
274 3147 318 3232 (u.
336 3147 497 3234 43-44);
672 3220 690 3309 ἡ
714 3218 915 3310 πεπρωμένη
938 3218 968 3288 δ,
990 3217 1061 3306 ἄγει

350 3331 471 3392 θανεῖν
493 3323 641 3415 α’ύελφῆν
663 3325 749 3413 τῷδ’
773 3325 854 3416 ἐμὴν
877 3326 916 3394 έν
939 3324 1067 3416 ἤματι.

135 3443 283 3526 Quocum
307 3445 409 3508 verba
432 3443 622 3528 Polyxenae
646 3444 750 3526 ipsius
774 3444 982 3511 consentiunt
1004 3444 1048 3529 (v.
1066 3444 1250 3529 411-12):

352 3555 397 3635 ὠς
419 3555 552 3626 οὔποτ’
575 3549 711 3639 αὖθις,
735 3556 832 3625 α’λλα
856 3563 922 3625 νῦν
945 3558 1194 3627 πανύστατον

352 3662 491 3732 α’κτῖνα
513 3663 652 3734 κύκλον
675 3664 711 3734 θ’
734 3665 847 3756 ἡλίου
870 3665 1142 3756 προσόψομαι.

231 3896 250 3964 ¹)
269 3894 411 3950 Accedunt
423 3896 506 3952 verba
525 3897 642 3952 alierum
654 3913 832 3966 personarum
845 3897 919 3968 haec,
938 3903 967 3954 et
981 3897 1153 3952 Phaedrae
1173 3897 1364 3967 (nmo-am

407 3993 461 4066 ίγώ
480 3997 509 4050 δὲ
529 3993 647 4068 Κύπριν,
668 3993 735 4069 ἥπερ
754 3995 881 4060 ἐξύλλυσί
895 4017 938 4070 με,

405 4083 499 4156 ψυχῆς
516 4082 726 4157 ἅπαλλαχθεῖσα
744 4084 812 4158 τῇδ’
832 4091 868 4143 ίν
886 4085 992 4160 ἡμέρᾳ

405 4178 505 4245 τέρψω.

140 4265 169 4314 et
186 4259 308 4316 Thesei
326 4261 362 4330 (v.
375 4261 525 4333 887-90);

406 4347 463 4406 ἀλλ’
484 4339 505 4408 ὦ
524 4351 610 4426 πάτερ
628 4352 774 4423 Πόσειδον,
794 4350 827 4417 ἃς
845 4358 911 4428 ἐμοί
926 4374 990 4411 ποτε

406 4437 474 4512 ύράς
492 4439 618 4515 ὑπέσχου
635 4450 714 4516 τρεῖς,
733 4443 785 4516 μιᾷ
803 4451 969 4517 κατέργασαι

405 4529 510 4587 τούτων
528 4531 598 4606 ἐμὰν
615 4531 704 4602 παῖδ’,
724 4531 853 4607 ἡμέραν
871 4537 905 4589 δὲ
922 4533 964 4608 μή
986 4533 1091 4607 φύγοι

408 4619 507 4690 τήνδ’,
528 4628 603 4695 εἴπερ
623 4621 690 4696 ἡμῖν
708 4619 821 4686 ὤπασας
838 4631 938 4696 σαφεῖς
956 4618 1031 4696 ἆρσίς.
