3442 5324
471 641 579 709 καίτοι
602 641 708 710 πολλὰ
732 643 817 735 πρὸςΙ
840 643 983 723 πολλοὺς
1005 671 1047 730 με
1069 645 1109 737 δίη

365 747 509 834 ἐξεῖπας,
537 747 582 828 τίς
603 757 751 840 θρασεῖα
773 753 829 820 καί
852 752 939 840 πέρα
963 753 1056 843 δίκης

366 853 455 947 δίρχω
478 857 730 948 καθυβρίζουσα
752 861 807 927 καὶ
833 859 869 928 σὲ
892 861 947 928 καὶ
970 859 1011 927 τὰ
1036 859 1097 930 σά·

365 961 426 1050 ε’μδ
450 962 479 1031 δ’
494 961 591 1056 ὕβριν
613 966 674 1050 μέν
698 965 755 1034 οδκ
779 965 852 1049 dicar,
876 973 981 1060 κακῶς
1005 967 1042 1037 δέ
1067 993 1103 1037 σε

365 1069 446 1157 λέγω
469 1076 575 1150 κακῶς
598 1071 742 1142 κλύουσα
765 1074 850 1165 πρὸς
874 1074 974 1143 σέθεν
997 1075 1104 1162 θαμά.

365 1176 491 1269 πατὴρ
515 1178 601 1270 γάρ,
625 1180 739 1249 οὐδέν
762 1180 855 1250 ἄλλο
880 1185 942 1251 σοί
965 1181 1156 1274 πρόσχημ’
1177 1182 1253 1264 αἰεί,

365 1285 413 1365 nis·
437 1286 476 1372 ἐξ
500 1285 594 1373 ἐμοῦ
616 1287 816 1380 τέθνηκεν.

150 1403 181 1462 et
208 1417 238 1462 v.
257 1397 424 1462 552-53:
457 1395 562 1484 ἐρεῖς
584 1395 654 1480 μέν
677 1395 765 1480 οὐχὶ
789 1401 856 1465 νῦν
879 1398 918 1484 γέ
941 1396 975 1484 μ’
998 1398 1048 1477 dg
1074 1397 1227 1488 ἄρξασά
1250 1427 1288 1467 τι

451 1503 629 1593 λυπηρὸν
652 1497 738 1572 εἶτα
762 1510 832 1573 σοῦ
854 1503 936 1573 τάδ’
959 1504 1133 1595 ε’ξὴκονδ
1156 1505 1241 1576 ὕπο.

238 1631 363 1697 Eodem
384 1630 478 1696 modo
495 1649 610 1697 versus
632 1631 708 1715 547,
720 1631 795 1715 595,
807 1632 873 1698 605
881 1651 940 1715 sq,
951 1633 1085 1716 784-86,
1099 1634 1162 1700 798
1184 1633 1245 1700 alii
1261 1637 1378 1702 docent

148 1738 238 1820 illae,
257 1743 292 1804 ut
307 1743 427 1804 natura
444 1736 583 1820 ferebat,
606 1738 671 1804 iam
688 1740 881 1823 saepissime
898 1741 937 1806 de
953 1740 1196 1823 Agamemnone
1213 1743 1376 1810 trucidato

147 1844 336 1912 maledictis
368 1844 454 1910 inter
476 1863 547 1911 sese
572 1851 725 1912 certasse.
766 1845 830 1914 Sed
853 1853 980 1913 tantum
1004 1851 1111 1931 abest,
1141 1855 1177 1914 ut
1200 1849 1377 1932 Sophocles

148 1953 226 2019 illas
251 1951 494 2019 controversias
517 1953 759 2035 spectatoribus
783 1955 962 2021 nuntiari
986 1955 1068 2022 satis
1091 1956 1226 2038 habeat,
1251 1962 1288 2023 ut
1311 1958 1377 2026 dis-

147 2060 297 2126 cordiam
319 2060 380 2125 hoo
404 2060 457 2124 die
480 2060 584 2126 denuo
608 2079 718 2127 coram
742 2062 982 2144 spectatoribus
1007 2063 1130 2129 exoriri
1155 2062 1269 2130 saciat.

239 2169 356 2247 Itaque
384 2167 457 2232 fieri
481 2187 545 2233 non
572 2167 681 2250 potuit
713 2169 793 2249 quin
823 2169 902 2236 illae
926 2189 1090 2252 nunquam
1118 2176 1216 2237 antea
1239 2171 1378 2236 alteram

147 2274 263 2344 verbis
300 2275 465 2341 invectam
500 2293 571 2341 esse
610 2276 643 2340 in
679 2276 818 2342 alteram
857 2277 1059 2343 simularent.
1088 2316 1091 2322 ·
1118 2277 1253 2344 Electra
1292 2278 1376 2344 enim

148 2381 301 2462 queritur
323 2381 376 2447 his
400 2382 510 2449 verbis
535 2381 731 2468 (282-86);

366 2494 426 2583 ἐγὼ
450 2495 479 2566 δ’
503 2495 603 2589 o‘paio’
626 2496 647 2586 ἦ
672 2498 838 2587 δύσμορος
859 2497 942 2566 κατὰ
967 2498 1082 2586 στέγας

365 2605 499 2685 κλαίω,
523 2604 679 2696 τέτηκα,
702 2603 935 2674 κδπικωκδω
958 2605 1109 2698 πατρὸς

365 2709 432 2802 τὴν
456 2711 846 2782 δυστάλαινανδαῖτ’
870 2713 1206 2805 ἐπωνομασμένην

367 2817 462 2910 αὕτη
486 2819 585 2910 πρὸς
608 2819 743 2912 αὐτην·
772 2819 863 2889 οὐδὲ
886 2821 956 2912 γὰρ
979 2825 1147 2891 κλαῦσαι
1171 2821 1278 2912 πάρα

364 2925 517 2996 τοσόνδ’
541 2926 632 2996 ὅσον
654 2954 723 3014 μοι
746 2927 876 3014 θυμὸς
898 2927 1039 3020 ἦδονην
1062 2929 1176 3020 φέρει
1200 2951 1301 3012 e.q.s.

240 3045 369 3112 Deinde
386 3045 624 3129 Clytaemestra
641 3066 712 3114 eam
728 3048 888 3130 hortatur,
913 3054 950 3112 ut
965 3048 1031 3130 ipsi
1047 3049 1186 3131 aperiat,
1211 3068 1275 3130 qua
1292 3069 1378 3116 com-

147 3160 258 3219 motus
282 3171 382 3219 causa
405 3154 605 3236 Agamemno
634 3154 840 3238 Iphigeniam
869 3155 1110 3222 sacrificaverit
1133 3157 1176 3243 (v.
1195 3157 1376 3243 534-36):

366 3261 459 3348 είεν,
484 3268 647 3354 δίδαξον
670 3268 715 3359 δη
738 3295 799 3354 με,
823 3274 891 3337 τοῦ
913 3268 1029 3361 χάριν
1051 3271 1168 3338 τίνων

367 3373 511 3444 ἔθυσεν
534 3373 672 3466 αὐτὴν·
701 3375 843 3468 πότερον
865 3375 1017 3466 Ἀργείων
1041 3376 1142 3468 ἐρεῖς,1

366 3480 436 3549 dlt‘
459 3482 499 3551 οδ
521 3488 622 3574 μετῆν
646 3481 777 3553 αὐτοῖσι
800 3483 858 3574 την
881 3483 908 3571 y‘
929 3482 1010 3575 έμίην
1033 3491 1171 3555 κτανεῖν.

242 3602 386 3685 Quacum
405 3621 442 3667 re
458 3603 619 3686 congruit,
645 3604 730 3683 quod
745 3603 881 3670 Electra
896 3606 1171 3686 Agamemnonem
1188 3624 1252 3670 non
1268 3606 1378 3671 Mene-

147 3709 198 3776 lai
226 3709 338 3790 gratia
367 3708 472 3775 filiam
502 3709 706 3776 sacriticasse
737 3711 836 3776 matri
864 3711 1022 3794 explicat,
1054 3712 1111 3778 sed
1139 3711 1217 3792 quia
1247 3731 1378 3780 cervam

148 3817 282 3883 Dianae
305 3835 433 3883 sacram
457 3817 664 3884 interfecerit
688 3817 731 3904 (v.
749 3817 926 3904 560-76).

241 3923 345 4007 Quam
384 3925 418 3991 in
458 3925 714 4007 discrepantiam
751 3945 860 3991 rerum
898 3925 1075 4008 Sophocles
1113 3925 1245 4008 incidit,
1292 3928 1378 4007 quod

149 4032 243 4115 ipsas
268 4032 408 4099 seminas
436 4033 497 4099 hoo
521 4032 574 4098 die
597 4038 762 4100 certantes
785 4033 1027 4115 spectatoribus
1055 4039 1131 4100 ante
1155 4033 1266 4100 oculos
1289 4034 1378 4116 posi-

150 4144 244 4206 turus
269 4137 383 4225 erat1).

241 4245 354 4326 Neque
377 4247 479 4312 aliam
494 4247 656 4312 rationem
673 4246 850 4328 Sophocles
873 4255 1003 4314 secutus
1020 4254 1070 4314 est
1093 4248 1128 4313 in
1151 4247 1378 4313 Philocteta

150 4354 383 4436 componenda.
431 4352 633 4436 Quamquam
658 4355 743 4420 enim
768 4354 887 4435 quibus
910 4355 1078 4422 doloribus
1102 4355 1288 4435 morbisque
1311 4361 1378 4420 tor-

151 4467 306 4541 queretur
328 4460 528 4527 Philoctetes
552 4462 623 4544 ipse
647 4461 829 4544 explicavit
856 4461 899 4546 (v.
918 4461 1117 4548 att-316),
1147 4467 1256 4527 tamen
1279 4467 1378 4544 poeta

152 4589 361 4596 —---—--.-.

197 4673 203 4686 ·
244 4639 261 4708 ¹)
282 4639 404 4705 Quacum
422 4655 453 4694 re
471 4639 598 4694 conteras
616 4655 716 4707 quaeso
738 4641 873 4694 rationem
893 4639 1068 4707 Euripideam
1086 4639 1163 4693 infra
1181 4640 1342 4708 expositam.
