3442 5324
862 499 931 504 --
946 406 1072 504 38-

444 619 483 684 In
518 620 665 701 Oedipo
699 639 776 686 vero
809 620 976 686 Ooloneo
1012 639 1071 686 rex
1106 620 1177 702 ipse
1212 627 1385 703 postquam
1420 623 1571 687 Theseum
1691 673 1692 682 ,

355 725 504 806 filiasque
536 746 571 792 se
604 727 646 792 ad
679 745 750 792 eum
782 726 888 793 locum
926 727 1019 808 sequi
1050 727 1147 794 iussit
1184 747 1247 809 quo
1284 727 1462 795 moriturus
1494 734 1573 796 esset

355 833 398 918 (v.
419 833 504 898 1540
515 831 588 917 sq),
613 831 694 898 dicit
717 833 982 918 (v.1552-55):

940 955 1035 1037 α’λλά,
1059 958 1197 1047 φίλτατε
1221 957 1332 1044 ξένων,

567 1062 667 1141 αὐτὸς
689 1088 725 1131 τε
748 1063 838 1154 χώρα
861 1063 897 1132 a'
921 1063 979 1154 ἥδε
1001 1062 1188 1154 πρόσπολοί
1210 1089 1247 1132 τε
1270 1065 1324 1132 σοί

566 1169 759 1256 εὐδαίμονες
781 1171 934 1257 γένοισθε
956 1169 1034 1238 κάπ’
1056 1170 1220 1262 εὐπραξίᾳ

566 1277 741 1368 μέμνησθέ
762 1303 828 1363 μου
850 1277 1014 1356 θανόντος
1037 1276 1184 1361 εὐτυχεῖς
1207 1277 1270 1348 ἀεί.

444 1408 648 1490 Quamquam
677 1405 782 1487 igitur
812 1406 972 1472 Theseum
1004 1405 1128 1488 oravit,
1162 1412 1199 1472 ut
1227 1405 1334 1489 ipsum
1367 1406 1575 1473 comitaretur

354 1532 455 1593 usque
485 1515 528 1578 ad
556 1513 663 1578 locum
690 1513 806 1578 mortis
830 1532 923 1594 suae,
953 1519 1064 1579 tamen
1093 1513 1160 1579 iam
1190 1513 1225 1579 in
1248 1533 1379 1580 nemore
1410 1514 1483 1595 ipso
1506 1533 1572 1579 eum

354 1620 465 1688 valere
489 1620 589 1702 iubet,
614 1639 765 1700 nonque
790 1620 876 1686 alter
898 1624 940 1686 ab
964 1620 1069 1686 altero
1093 1620 1207 1686 statim
1231 1621 1388 1703 discedat,
1413 1622 1470 1688 sed
1493 1621 1574 1702 quod

354 1727 499 1809 Oedipus
523 1747 589 1793 una
612 1746 683 1794 cum
705 1727 830 1794 Theseo
854 1735 969 1809 postea
992 1745 1056 1794 non
1080 1728 1145 1793 iam
1169 1727 1205 1794 in
1227 1747 1348 1794 scaena
1371 1728 1451 1809 erit;
1476 1747 1573 1809 neque

342 1834 441 1900 enim
469 1834 561 1900 locus
596 1834 653 1900 ille
683 1836 831 1901 desertus
866 1852 928 1915 quo
959 1840 1142 1901 moreretur
1176 1835 1419 1918 repraesentari
1448 1841 1574 1917 poterat

354 1940 411 2027 (of.
436 1962 467 2009 v.
487 1941 574 2007 1640
585 1941 657 2027 sq).

443 2048 556 2128 Neque
586 2048 622 2114 in
645 2047 709 2114 fine
737 2049 872 2115 fabulae
902 2050 971 2116 alia
1001 2056 1052 2116 est
1074 2069 1188 2131 causa,
1220 2069 1279 2116 our
1301 2049 1427 2132 Oedipo
1451 2055 1573 2114 mortuo

354 2155 523 2237 Antigona
553 2162 587 2221 et
609 2156 739 2222 Ismena
770 2162 802 2222 et
832 2163 947 2238 postea
970 2157 1114 2224 Theseus
1144 2157 1216 2239 ipse
1246 2157 1281 2222 in
1309 2157 1445 2222 eundem
1472 2156 1574 2222 locum

354 2280 417 2342 quo
448 2267 524 2328 ante
554 2281 608 2328 res
631 2268 726 2345 gesta
757 2269 807 2328 est
829 2263 966 2328 redeant
993 2262 1036 2349 (v.
1058 2263 1165 2348 1670).
1213 2263 1297 2330 Nam
1327 2263 1500 2344 quominus
1522 2262 1575 2328 ubi

354 2368 500 2451 Oedipus
529 2377 666 2435 mortem
694 2369 833 2436 obiisset
861 2377 1081 2453 remanerent,
1112 2390 1166 2436 res
1194 2370 1366 2437 scaenicae
1392 2373 1573 2438 obstabant.

443 2475 643 2558 Saepissime
677 2476 826 2543 accidere
857 2483 1108 2544 consentaneum
1139 2483 1202 2560 est,
1238 2484 1275 2543 ut
1304 2495 1388 2558 quae
1420 2495 1574 2559 personae

353 2582 528 2665 plurimum
552 2584 665 2650 valent
694 2585 737 2649 ad
760 2603 812 2650 res
835 2585 1010 2668 gerendas,
1043 2603 1101 2651 eae
1128 2585 1201 2651 loco
1228 2603 1291 2666 quo
1316 2589 1415 2650 antea
1442 2589 1574 2666 egerunt

355 2691 510 2758 decedere
539 2693 637 2756 rebus
667 2690 751 2773 ipsis
781 2698 950 2773 cogantur.
1007 2692 1111 2776 Quam
1142 2693 1182 2759 ob
1213 2711 1282 2757 rem
1312 2711 1384 2758 cunr
1414 2690 1486 2757 lieri
1516 2709 1575 2756 non

354 2798 474 2880 possit,
502 2803 539 2864 ut
561 2817 615 2864 res
638 2815 722 2878 quae
745 2804 924 2879 sequuntur
947 2798 1013 2864 alio
1037 2799 1109 2865 loco
1134 2805 1289 2882 agantur,
1319 2817 1478 2880 personae
1501 2797 1573 2862 illae

356 2904 487 2970 causis
512 2904 629 2971 fictis
652 2903 692 2970 in
715 2923 858 2970 scaena
880 2922 1082 2971 remanere
1105 2905 1243 2972 solent.

444 3020 622 3102 Postquam
646 3020 732 3086 enim
755 3019 920 3086 Electra
948 3021 1085 3086 fratrem
1109 3021 1248 3103 Delphis
1276 3041 1373 3087 amru
1401 3027 1571 3087 certantem

355 3135 490 3195 mortem
522 3128 714 3195 occubuisse
737 3147 758 3194 a
780 3128 972 3210 paedagogo
1002 3128 1124 3194 certior
1154 3129 1246 3194 facta
1274 3132 1337 3208 est,
1369 3147 1441 3194 eam
1469 3127 1571 3193 dolore

356 3253 546 3318 oppressam
567 3235 642 3301 loca
665 3235 796 3301 deserta
818 3240 930 3316 petere
954 3234 1026 3300 veri
1050 3233 1252 3299 simillimum
1276 3241 1356 3300 erat.

444 3352 548 3435 Quam
579 3369 652 3417 cum
682 3351 717 3416 in
746 3349 875 3416 scaenis
899 3368 983 3431 quae
1011 3356 1189 3430 sequuntur
1221 3350 1336 3416 adesse
1365 3369 1497 3416 necesse
1522 3349 1569 3429 sit,

355 3464 453 3539 poeta
475 3458 557 3524 haec
581 3458 665 3524 lacit
688 3458 849 3524 dicentem
873 3456 916 3543 (v.
934 3456 1116 3541 817-19):

567 3579 638 3648 ἀλλ’
661 3579 701 3648 οὐ
722 3607 756 3648 τι
778 3578 843 3670 μὴν
867 3578 964 3667 ἔγωγε
986 3584 1046 3648 τοῦ
1068 3581 1189 3647 λοιποῦ
1210 3579 1330 3670 χρόνον

567 3687 726 3774 ξύνοικος,
750 3686 879 3773 ὄμνυμ’,
903 3684 1000 3755 α’λλά
1023 3689 1115 3776 τῇδε
1137 3685 1236 3777 πρὸς
1258 3686 1359 3775 πύλῃ

568 3793 723 3886 παρεῑο’
746 3792 918 3885 ἐμαυτὴν
942 3791 1086 3885 ἄφιλος
1109 3793 1239 3862 αὐανῶ
1261 3795 1358 3882 βίον.

444 3923 552 4002 Atque
568 3922 668 3989 etiam
691 3922 726 3988 in
749 3921 975 3989 Philocteta
998 3940 1118 3988 scaena
1133 3922 1290 3988 mutanda
1311 3927 1392 4004 erat,
1417 3922 1570 3989 sicherus

355 4036 543 4112 nautarum,
568 4029 602 4095 id
626 4030 711 4110 quod
734 4049 796 4111 par
819 4029 898 4112 luit,
931 4028 1062 4097 Ulixem
1087 4036 1120 4095 et
1142 4028 1390 4111 Neoptolemum
1414 4030 1457 4095 ad
1478 4045 1570 4094 naves

356 4138 547 4203 decedentes
580 4143 710 4203 secutus
744 4143 839 4204 esset.
894 4136 987 4222 Quod
1019 4143 1057 4203 ut
1087 4135 1316 4219 prohibeatur,
1349 4135 1570 4220 Neoptolemus

355 4249 474 4310 nautas
497 4243 549 4309 his
572 4243 683 4310 verbis
707 4244 858 4309 hortatur
881 4242 1147 4330 (v.1075-80):

698 4365 788 4451 ὅμως
811 4367 848 4435 δὲ
869 4365 1006 4452 μείνατ’,
1030 4366 1062 4435 εἰ
1083 4366 1189 4455 τούτῳ
1213 4370 1312 4448 δοκεῖ,

569 4473 685 4564 χρόνον
707 4478 875 4555 τοσοῦτον,
900 4473 948 4553 εἰς
971 4473 1049 4543 ὅσον
1071 4471 1113 4541 τά
1137 4473 1165 4542 τ’
1189 4475 1223 4542 ἐκ
1246 4473 1326 4552 νεὼς

570 4582 723 4650 στείλωσι
747 4587 864 4650 ναῦται
886 4585 942 4650 καὶ
965 4588 1060 4660 θεοῖς
1083 4580 1269 4668 εὐξαίμεθα.
