3442 5324
942 405 986 468 40

439 619 546 698 Atque
570 619 603 684 in
628 619 857 684 Trachiniis
881 620 999 685 chorus
1022 619 1225 700 Deianiram,
1250 619 1303 685 cui
1327 619 1460 684 numtius
1485 619 1565 683 frau-

351 727 422 792 dem
451 726 575 791 Lichae
603 725 747 807 aperuit,
780 725 918 792 introire
941 726 1047 808 iubet,
1076 733 1112 792 ut
1143 745 1183 791 ex
1206 726 1267 791 hoc
1302 727 1388 806 qnod
1410 724 1567 791 nuntiavit

349 851 426 898 num
449 851 561 899 verum
586 832 631 898 sit
653 851 754 899 necne
778 839 916 914 quaerat
940 832 983 918 (v.
1002 831 1184 918 387-8a):

561 953 694 1023 πεόθου
717 957 865 1039 μολοῦσα
887 953 1038 1046 τάνδρός,
1063 954 1107 1034 τός
1129 953 1201 1037 τάχ’
1224 951 1264 1021 ἂν
1288 961 1379 1044 σαφῆ

563 1059 695 1147 λέξειεν,
719 1064 750 1128 εἲ
772 1089 823 1129 νιν
846 1061 931 1152 πρὸς
952 1062 1030 1149 βίαν
1053 1061 1176 1152 κρίνειν
1198 1060 1323 1140 θέλοις.

441 1189 514 1271 Qua
548 1207 583 1252 re
614 1205 685 1254 cum
716 1207 794 1270 pars
829 1207 967 1269 sequens
1004 1188 1137 1254 fabulae
1171 1187 1261 1253 intra
1293 1188 1419 1253 domurn
1457 1186 1567 1252 fuisset

349 1295 491 1376 agenda,
523 1293 699 1376 Sophocles
729 1295 867 1360 Licham
898 1295 1004 1377 ipsum
1036 1296 1128 1360 domo
1153 1294 1365 1376 prodeuntem
1391 1293 1485 1375 lecit,
1515 1293 1566 1375 qui

350 1401 430 1466 haec
454 1401 536 1466 dicit
558 1399 601 1485 (v.
620 1399 801 1486 393-94):

563 1515 596 1582 τό
620 1512 692 1604 χρή,
715 1513 820 1600 μόνοι,
844 1515 988 1600 μολόντα
1011 1514 1045 1601 μ’
1068 1513 1224 1605 Ἡρακλεῖ
1246 1514 1371 1601 λέγειν,

563 1621 709 1706 δίδαξον,
734 1620 778 1699 τός
801 1621 961 1711 ἕρποντας
984 1621 1116 1712 εἰσορᾷς
1140 1621 1230 1707 ἐμοῦ.

437 1739 487 1806 Nc
510 1739 615 1821 igitur
638 1759 758 1805 scaena
780 1746 938 1822 mutetur,
967 1739 1089 1806 Lichas
1112 1740 1260 1820 qualibet
1289 1741 1328 1806 de
1357 1759 1457 1806 causa
1480 1740 1565 1806 domo
1692 1725 1693 1728 ¹

341 1865 541 1929 progressus
565 1845 702 1927 impedit
725 1845 895 1927 quominus
919 1846 1080 1912 Deianira
1102 1847 1212 1912 intret.

438 1951 531 2035 Quod
569 1952 635 2018 alio
679 1952 823 2019 eiusdem
867 1952 1001 2018 fabulae
1043 1956 1201 2034 probatur
1243 1953 1332 2019 loco:
1379 1971 1566 2034 quamquam

349 2056 435 2126 cnim
465 2058 626 2125 Deianira
655 2058 794 2125 Licham
823 2060 859 2125 in
888 2059 1015 2140 regiam
1045 2061 1170 2125 intrare
1202 2061 1345 2126 iusserat
1377 2061 1439 2125 hac
1471 2059 1567 2126 allata

348 2185 449 2232 causa
472 2165 515 2252 (v.
533 2166 713 2247 492-95):
949 2233 958 2256 ‚
998 2234 1006 2257 ‚
1180 2235 1186 2256 ,

935 2237 997 2302 αλλ
1028 2239 1107 2304 εἲσιο
1131 2259 1246 2326 στεμης

563 2345 730 2432 χωρῶμεν,
754 2341 801 2420 (ός
823 2340 926 2428 λόγων
949 2341 977 2409 τ’
1000 2340 1178 2420 ἐπιστολὰς
1200 2341 1315 2433 φέρῃς,

561 2449 583 2516 ἅ
606 2448 634 2516 τ’
657 2447 732 2517 α’ντὶ
755 2448 872 2540 όοόρων
895 2452 986 2540 όῶρα
1009 2449 1070 2540 χρὴ
1093 2447 1339 2541 προσαρμόσαι,

561 2559 616 2625 καὶ
639 2556 730 2625 ταῦτ’
753 2555 843 2647 ἄγῃς,

348 2683 458 2744 tamen
482 2697 553 2742 cmn
574 2677 672 2743 choro
696 2678 857 2743 derebus
881 2677 970 2742 intra
992 2677 1119 2757 regiam
1142 2677 1245 2759 gestis
1269 2677 1431 2743 collocuta
1453 2695 1565 2743 scaena

349 2805 413 2850 non
436 2783 578 2866 decedit,
608 2783 665 2850 sed
688 2789 874 2866 cunctatur,
899 2786 1001 2849 donec
1023 2784 1146 2850 Lichas
1171 2783 1240 2866 ipse
1265 2784 1467 2867 egrediatur,
1491 2785 1564 2850 haec

349 2891 558 2973 interrogans
581 2889 625 2977 (v.
643 2889 824 2977 598—99):

562 3005 595 3072 τί
618 3004 680 3094 χρὴ
703 3011 816 3083 ποεῖν;
848 3003 996 3094 σήμαινε,
1019 3004 1131 3072 τέκνον
1151 3003 1282 3083 Οἰνέως,

562 3110 609 3190 οἷς
632 3111 730 3197 ἐσμὲν
753 3111 815 3201 ἤδη
838 3118 886 3198 τῷ
907 3118 1023 3202 μακρῷ
1046 3110 1152 3202 χρόνῳ
1174 3115 1320 3200 βραδεῖς.

438 3312 508 3377 Iam
531 3313 715 3394 videamus,
740 3332 805 3393 qua
827 3319 940 3379 utatur
963 3318 1034 3378 arte
1058 3311 1248 3394 Sophoclea,
1280 3331 1352 3378 cum
1382 3331 1561 3394 personae

348 3421 504 3488 visendi
534 3439 653 3486 causa
681 3421 854 3487 homines
889 3421 996 3486 intra
1026 3421 1142 3486 aedes
1172 3427 1378 3487 versantes
1413 3423 1559 3498 adeunt,

348 3527 419 3595 sive
447 3527 566 3608 quihus
596 3527 674 3608 quid
702 3527 768 3593 alio
797 3527 842 3593 sit
869 3533 997 3609 gestum
1026 3527 1098 3593 loco
1122 3526 1311 3594 renuntient
1345 3528 1416 3594 sive
1439 3526 1562 3610 quibus·

349 3653 421 3700 cnm
445 3634 485 3700 de
508 3633 621 3715 aliqua
643 3653 679 3700 re
703 3635 938 3715 colloquantur.

438 3741 517 3808 (lum
550 3741 636 3806 enim
666 3748 742 3806 ante
773 3742 869 3806 aedes
897 3760 1026 3823 semper
1055 3742 1188 3807 chorum
1217 3741 1428 3823 conveniant,
1462 3743 1502 3807 ab
1530 3757 1562 3804 eo

348 3851 476 3915 domurn
504 3849 630 3914 intrare
653 3849 881 3931 prohihentur,
912 3848 1014 3914 donec
1037 3868 1131 3930 quem
1159 3848 1296 3930 petituri
1319 3855 1394 3914 sunt
1417 3849 1487 3931 ipse
1512 3865 1563 3912 seu

348 3975 426 4022 casu
455 3975 513 4022 scu
535 3955 683 4035 qualibet
710 3957 750 4021 de
780 3975 880 4021 causa
907 3955 943 4021 in
966 3973 1117 4022 scaenam
1141 3973 1334 4037 progressus
1368 3974 1440 4021 cum
1463 3954 1505 4021 iis
1526 3953 1564 4019 ad

348 4063 475 4146 regiam
499 4064 539 4128 de
562 4062 632 4128 illis
658 4065 755 4129 rebus
779 4061 989 4146 colloquitur,
1014 4081 1107 4144 quae,
1136 4061 1166 4129 si
1189 4080 1308 4128 scaena
1334 4061 1455 4128 mutari
1477 4066 1564 4143 potu·

348 4169 439 4252 isset,
463 4169 554 4235 intra
576 4169 702 4251 regiam
726 4176 802 4235 acta
825 4176 934 4235 essent
956 4169 977 4254 ).

437 4277 477 4342 In
497 4275 697 4358 Antigona
722 4277 807 4342 enim
828 4283 937 4342 custos
963 4275 1019 4357 qui
1041 4276 1205 4358 virginem
1224 4276 1259 4341 in
1275 4275 1434 4360 Polynice
1453 4272 1562 4356 sepeh-

349 4385 430 4450 endo
441 4383 675 4465 deprehensam
691 4383 833 4466 adducit,
848 4383 980 4450 chorum
993 4383 1045 4450 his
1057 4382 1356 4464 alloquiturverhis
1367 4379 1560 4469 (vast-am:

440 4599 458 4668 ¹)
479 4598 547 4652 Vide
565 4614 635 4664 quae
652 4597 704 4652 hac
723 4597 755 4652 dc
774 4599 881 4652 ratione
900 4597 976 4650 infra
995 4597 1143 4665 explicabo.
