3462 5312
453 627 576 691 Eodem
608 627 701 691 modo
737 625 923 706 seiungitur
953 625 1106 707 oppidum
1143 627 1185 691 ad
1216 625 1447 707 Propontidem
1480 627 1587 706 situm,

362 734 447 813 quod
468 732 657 814 appellatur
683 730 1180 818 0166616116111113),
1207 753 1227 797 1
1250 751 1328 814 rege
1344 733 1397 798 vel
1421 733 1588 816 Phrygum

361 839 447 925 (Val.
462 839 587 925 Flacc.)
611 839 664 907 vel
688 839 850 904 Dolonum
876 838 1026 924 (81111),
1052 839 1104 904 611
1128 859 1246 905 nomen
1270 847 1320 904 cst
1345 839 1488 922 6161616.

451 947 612 1013 Similiter
642 948 729 1028 apud
759 947 875 1013 Silium
905 946 1056 1012 Italicum
1093 947 1237 1030 Thapsos
1267 951 1317 1012 est
1346 949 1424 1012 urbs
1455 946 1590 1014 Siciliae

361 1053 455 1140 (XIV
472 1055 560 1139 206),
588 1053 735 1136 Thapsus
759 1055 837 1118 urbs
857 1053 995 1118 Africae
1020 1051 1086 1138 (ΙΙΙ
1102 1054 1191 1138 261).
1238 1052 1438 1119 Accusativo
1463 1071 1591 1134 semper

361 1161 482 1227 Latine
523 1161 663 1226 formato
705 1161 865 1243 limpsana
900 1159 1055 1228 Valerius
1086 1160 1227 1226 Flaccus
1262 1160 1316 1225 IH
1341 1162 1402 1226 191
1443 1160 1591 1242 appellat

362 1268 556 1354 Cyzicenum
581 1269 751 1350 quendam,
782 1268 885 1334 Silius
909 1267 1046 1333 Italicus
1070 1267 1104 1332 ΙΙ
1131 1268 1194 1333 160
1218 1267 1355 1333 militem
1380 1267 1588 1334 Hannibalis.

451 1376 588 1458 Saepius
617 1382 725 1441 autem
750 1381 866 1457 poetae
890 1375 1072 1456 euphoniae
1096 1393 1196 1440 causa
1223 1375 1308 1440 hanc
1331 1375 1384 1441 vel
1407 1375 1501 1440 illam
1526 1380 1589 1440 ter·

360 1483 572 1550 minationem
597 1481 793 1564 praetulisse
817 1481 979 1547 videntur.

450 1589 589 1655 Flavius
612 1588 780 1672 Phrygiae
797 1589 917 1654 Latine
942 1595 975 1652 61
990 1587 1167 1655 Maeander
1183 1588 1307 1674 (Senes.
1326 1588 1401 1653 H.f.
1420 1588 1485 1653 684
1510 1588 1587 1654 Luc.

361 1698 408 1766 Vl
432 1697 510 1783 476)
547 1705 579 1762 61
613 1697 812 1762 Maeandrus
843 1694 919 1781 (Sil.
933 1695 974 1761 It.
1000 1695 1066 1762 Vll
1092 1695 1172 1782 139)
1210 1695 1405 1762 nominatur.
1462 1695 1589 1762 Graeca

361 1811 470 1870 autem
488 1805 595 1870 forma
619 1803 816 1870 Maeandros
839 1802 963 1868 Seneca
986 1821 1064 1869 usus
1088 1809 1139 1868 est
1161 1803 1197 1867 in
1213 1803 1468 1868 Phoenissarum
1494 1821 1589 1868 versu

361 1911 441 1993 606,
475 1896 537 1991 quo
568 1910 640 1976 loco
674 1909 938 1975 terminationem
965 1930 1023 1990 -er‚
1058 1927 1155 1990 quam
1188 1909 1292 1975 altero
1323 1908 1395 1975 loco
1428 1909 1588 1990 adhibuit

360 2019 485 2086 vitasse
508 2017 639 2083 videtur
662 2015 816 2083 vocabuli
839 2017 941 2096 arvis,
972 2017 1058 2096 quod
1081 2015 1243 2108 sequitur,
1273 2035 1388 2098 causa,
1413 2016 1501 2096 quod
1525 2015 1589 2100 syl-

359 2125 456 2191 labae
491 2147 540 2190 -er
575 2146 629 2190 ar·
664 2123 872 2203 insequentes
904 2142 969 2188 non
1001 2123 1149 2189 suaviter
1184 2124 1226 2189 ad
1259 2141 1356 2188 aures
1391 2123 1587 2188 acciderent.

362 2232 512 2299 Ceterum
537 2232 667 2299 Graeca
691 2229 880 2296 terminatio
904 2253 955 2295 -os
979 2230 1158 2312 repetenda
1181 2234 1231 2296 est
1254 2230 1339 2312 inde,
1364 2231 1449 2310 quod
1474 2247 1588 2295 nomen

360 2339 454 2406 fluvii
485 2346 535 2405 est
566 2357 682 2404 nomen
712 2338 977 2420 geographicum.
1033 2337 1155 2403 Eodem
1187 2338 1282 2404 modo
1313 2337 1510 2403 terminatus
1541 2343 1587 2401 est

362 2445 571 2514 accusativus
596 2447 797 2512 Maeandron
821 2445 991 2511 aLucano
1009 2444 1061 2510 ΙΙΙ
1078 2445 1151 2527 208,
1177 2462 1273 2526 quam
1299 2445 1438 2510 formam
1462 2442 1586 2510 vocalis

362 2573 489 2636 quoque
513 2573 595 2635 quae
619 2553 768 2633 sequitur
790 2552 945 2634 postulat.

449 2661 599 2728 Pactolus
625 2661 758 2742 flumen,
789 2678 874 2740 quae
899 2660 1006 2725 forma
1028 2660 1151 2727 Latina
1179 2658 1347 2726 invenitur
1374 2659 1461 2741 apud
1489 2658 1586 2725 Sene-

361 2788 432 2835 cam
468 2769 601 2852 (Phoen.
625 2767 702 2848 604)
738 2774 770 2833 61
805 2767 993 2833 Iuvenalem
1022 2765 1116 2852 (XIV
1134 2766 1226 2853 299),
1264 2766 1465 2833 Graecorum
1501 2784 1587 2830 moro

360 2876 548 2942 nominatur
572 2874 720 2942 Pactolos
748 2894 768 2939 a
791 2874 916 2940 Seneca
939 2874 974 2939 in
998 2873 1178 2957 Oedipodis
1202 2892 1299 2940 versu
1323 2874 1398 2954 467,
1430 2891 1493 2952 quo
1518 2871 1586 2938 loco

361 2984 496 3049 eundern
522 2981 645 3048 exitum
669 2981 870 3049 substantivi
900 2988 931 3047 et
959 2981 1117 3047 adiectivi
1141 2980 1248 3047 vitare
1272 2979 1417 3046 voluisse
1440 2978 1586 3046 videtur:

618 3089 725 3156 Dtetn
749 3088 894 3155 Pactolos
916 3089 999 3155 66611
1022 3095 1050 3154 te
1073 3088 1198 3172 Lydius
1221 3089 1317 3153 anda.

362 3197 488 3264 Graece
520 3196 619 3262 etiam
651 3196 847 3262 terminatur
878 3194 1087 3262 accusativus
1120 3195 1271 3262 Pactolon
1304 3195 1391 3276 apud
1421 3194 1587 3258 Lucanum

361 3303 414 3369 HI
439 3304 512 3369 210.

450 3410 576 3476 Statius
607 3411 641 3475 in
669 3410 771 3476 Silvis
801 3416 935 3490 praeter
958 3408 1119 3476 Graecam
1152 3407 1292 3474 formam
1321 3408 1493 3492 Perparnos
1522 3406 1588 3494 (III

361 3515 488 3602 4,106)
518 3516 669 3582 adhibuit
692 3517 846 3582 Latinam
871 3516 1046 3600 Perpennus
1074 3515 1108 3581 in
1132 3535 1229 3581 versu
1255 3515 1496 3597 11166116
1519 3531 1587 3579 cum

361 3624 491 3689 nomine
515 3624 594 3689 item
610 3625 730 3689 Latine
747 3623 921 3689 terminato
945 3624 1145 3706 Epidaurus.
1186 3622 1405 3688 Accusativus
1428 3621 1463 3686 in
1479 3622 1587 3687 eodem

363 3750 461 3813 opere
488 3731 541 3797 ΙΠ
564 3733 595 3814 4,
613 3732 655 3797 68
686 3738 719 3796 61
748 3731 784 3795 11
807 3732 934 3797 Aetnae
958 3731 1108 3797 versibus
1133 3730 1174 3796 18
1199 3730 1318 3796 61691
1352 3728 1515 3794 formatus
1543 3733 1589 3793 661

362 3839 548 3923 Papa-enon,
573 3857 645 3904 cum
669 3838 776 3904 611616
802 3838 908 3903 forma
930 3844 1035 3903 metro
1059 3856 1124 3902 non
1148 3836 1347 3904 conveniret.

452 3947 566 4030 Scyros
598 3945 726 4011 insulae
759 3964 875 4012 nomen
905 3945 1080 4010 secundum
1111 3944 1260 4027 regulam
1290 3945 1330 4009 de
1358 3942 1588 4026 geographicis

364 4053 549 4118 nominibus
574 4072 675 4134 supra
698 4052 834 4118 allatam
852 4053 980 4119 Graece
1005 4058 1056 4117 est
1079 4053 1288 4117 terminatum
1313 4069 1333 4116 a
1353 4050 1478 4116 Seneca
1501 4050 1586 4135 (Tro.

364 4159 442 4245 226)
471 4166 504 4225 61
532 4181 552 4225 a
575 4159 682 4226 Statio
708 4159 801 4243 (Ach.
827 4158 934 4240 1286,
952 4159 1027 4241 668,
1045 4160 1120 4240 692,
1138 4158 1212 4240 696,
1238 4157 1272 4224 ΙΙ
1296 4158 1348 4238 22,
1365 4155 1432 4242 46).
1480 4156 1588 4222 Etiam

365 4267 399 4332 in
432 4266 574 4333 Senecae
597 4267 763 4332 Troadum
792 4286 890 4332 versu
914 4267 989 4346 339,
1023 4285 1086 4347 quo
1109 4265 1182 4330 loco
1213 4266 1316 4330 codex
1348 4265 1463 4346 hl-ns,
1492 4265 1523 4329 A
1542 4284 1589 4328 -os

364 4378 500 4457 praebet
524 4381 556 4439 et
580 4375 646 4440 Leo
671 4373 826 4440 Latinam
852 4373 989 4440 formam
1015 4374 1049 4438 in
1065 4379 1189 4439 textum
1213 4372 1348 4454 recepit,
1372 4372 1588 4439 variationem

363 4488 458 4564 putes
482 4501 624 4547 61161611
642 4481 799 4564 codicum,
825 4481 890 4547 nisi
914 4501 985 4546 cum
1002 4481 1176 4547 Skutscbio
1194 4479 1317 4546 Latina
1342 4479 1449 4546 torma
1472 4479 1588 4545 tuenda

365 4596 424 4671 est,
449 4595 485 4655 ut
508 4589 631 4671 triplex
656 4589 805 4670 repititio
829 4589 979 4672 syllabae
1003 4611 1054 4654 -os
1078 4589 1215 4654 vitetur:
