3452 5316
917 1460 987 1529 111.

425 1636 564 1721 iloibos
593 1639 782 1720 codicibus
812 1641 1073 1721 contineantur
1099 1643 1286 1742 epistulae
1314 1643 1477 1726 Aeneae.
1557 1727 1559 1730 ,

379 1859 382 1864 ’
425 1870 579 1935 Aeneae
613 1870 760 1937 Gazaei
796 1869 1059 1952 epistularum
1095 1871 1191 1941 XXV
1227 1874 1289 1940 dno
1321 1874 1401 1940 mihi
1432 1876 1565 1942 codices

336 1983 413 2043 sunt
441 1977 528 2043 noti:
561 1977 664 2042 codex
689 1978 926 2043 Ambrosianus
957 1978 997 2043 81
1024 1980 1082 2047 Bo
1110 1999 1180 2060 sup.
1206 1980 1284 2045 olim
1309 1980 1366 2050 'Pe
1399 1989 1432 2048 et
1467 1983 1564 2052 Vati-

336 2104 437 2151 canus
460 2084 657 2166 Baginensis
685 2084 756 2149 139.

426 2213 454 2276 1.
479 2212 589 2277 Codex
605 2211 860 2279 Ambrosianus
876 2211 922 2296 (=
939 2211 979 2296 P)
1002 2214 1267 2278 membranaceus
1291 2232 1351 2279 cm.
1371 2215 1447 2296 12‚8
1461 2227 1491 2288 ><
1507 2217 1562 2292 8‚5

334 2319 459 2385 saeculi
483 2319 602 2384 decimi
626 2325 759 2400 praeter
782 2317 840 2383 fol.
868 2320 953 2383 1-i
977 2319 1129 2400 suppleta
1153 2319 1186 2384 in
1211 2321 1328 2387 charta
1352 2340 1449 2386 manu
1473 2341 1560 2388 saec.

334 2425 424 2493 XVI.
469 2425 549 2491 Fuit
572 2425 650 2491 olim
678 2426 712 2490 in
736 2425 938 2491 bibliotheca
960 2426 1091 2491 Pinelli.
1131 2426 1284 2492 Continet
1307 2429 1403 2510 epist.
1420 2448 1560 2510 graecas

334 2535 440 2599 f.129
470 2531 609 2599 Αἰνείου
633 2535 797 2621 σοφιστοῦ
820 2530 1003 2600 ἐπιστολαί.
1050 2533 1192 2600 Contuli.

425 2660 454 2724 2.
486 2659 596 2726 Codex
626 2659 840 2743 Baginensis
856 2651 918 2745 ’(--
935 2657 980 2744 Η)
1015 2658 1050 2724 in
1081 2657 1117 2724 8⁰
1140 2678 1225 2725 saec.
1249 2659 1331 2728 XVI
1355 2660 1559 2728 chartaceus.

332 2767 419 2834 Olim
435 2767 568 2834 Nicolai
584 2766 725 2832 Heinsii.
773 2765 926 2832 Continet
949 2767 1062 2832 eadem
1087 2784 1187 2848 opera
1210 2773 1308 2847 atque
1333 2767 1434 2833 editio
1453 2769 1557 2834 Grae-

332 2895 443 2942 carum
468 2874 683 2956 epistularum
707 2876 748 2938 ab
774 2873 859 2938 Aldo
882 2873 1032 2939 Manutio
1057 2881 1173 2939 curata
1196 2875 1290 2959 (Ven.
1316 2876 1414 2953 1499)
1444 2877 1558 2940 ordine

331 2989 472 3060 servato,
502 2981 668 3047 nonnullis
691 2981 822 3061 quidem
852 2981 992 3048 omissis.
1040 2981 1110 3046 Iam
1134 2982 1282 3047 Heroher
1305 2983 1463 3064 cognovit
1486 3001 1557 3049 eam

331 3111 371 3156 ex
387 3090 510 3156 Aldina
526 3089 725 3170 descriptam
749 3107 820 3154 esse
845 3087 978 3170 ipseque
1001 3089 1153 3154 intellexi
1168 3089 1310 3170 primurn
1334 3088 1555 3170 ecollatione,

329 3217 426 3278 quam
456 3197 538 3263 mihi
572 3197 715 3262 Ricardo
738 3196 895 3262 Foerster
924 3201 1058 3261 anctore
1086 3195 1217 3262 curarit
1244 3195 1432 3261 liberaliter
1456 3197 1556 3266 Alex-

330 3306 433 3370 ander
457 3304 649 3386 Sabatucci,
674 3310 742 3369 tum
767 3303 865 3368 etiam
891 3322 908 3368 e
932 3303 1044 3368 codice
1074 3308 1147 3368 arte
1170 3292 1400 3385 photographa
1428 3303 1556 3374 reddito

330 3418 363 3477 et
386 3433 406 3477 a
431 3412 683 3478 bibliothecario
702 3410 884 3477 Vaticanae
899 3411 937 3475 P.
956 3411 1101 3476 Francbi
1118 3411 1158 3476 de
1176 3410 1361 3478 Canaleriis
1378 3412 1420 3476 ad
1437 3411 1553 3478 Ricar-

329 3522 404 3585 dum
422 3521 579 3585 Foerster
601 3519 842 3585 Vratislaviem
872 3519 982 3585 misso.
1030 3519 1165 3601 Semper
1193 3517 1265 3584 fere
1294 3519 1460 3584 consentit
1483 3537 1553 3586 curo

329 3627 462 3710 Aldina,
487 3627 571 3692 locis
588 3632 705 3709 autem,
731 3627 849 3707 quibus
866 3625 967 3692 aliam
991 3626 1090 3691 affert
1106 3625 1289 3710 lectionem,
1315 3645 1354 3690 ea
1369 3644 1478 3707 prava
1494 3633 1551 3691 est.

438 3757 465 3818 1.
489 3748 662 3840 κτημάτων
692 3752 766 3818 Ald.
792 3777 818 3816 ω
839 3751 919 3820 IIIa
947 3781 976 3807 =
1003 3751 1035 3816 H
1125 3747 1294 3816 ταλάντων
1345 3751 1373 3815 Ρ

488 3858 566 3936 τούς
590 3861 713 3925 σαυτοῦ
792 3885 818 3923 nr
839 3859 893 3925 ΙΙΙ
909 3889 934 3928 rr
1125 3855 1203 3933 τοὺς
1226 3854 1347 3933 αὐτοὺς

488 3966 616 4054 χαίρειν
788 3991 815 4030 oo
836 3965 888 4031 ΙΙΙ
910 3986 973 4035 vra
1193 3983 1253 4030 oin.

554 4095 616 4139 oni.
788 4099 814 4138 nr
837 4073 905 4139 IIII
926 4093 977 4141 ve
1125 4069 1299 4160 ἀπόρρητα

433 4201 463 4266 2.
488 4190 546 4266 οὖν
691 4199 765 4265 Ald.
790 4225 817 4265 ω
837 4199 917 4268 IIIe
943 4231 975 4252 ==
1000 4199 1027 4263 P
1191 4217 1251 4264 om.
1336 4198 1368 4263 H

488 4303 631 4396 ἠνιάθην
790 4333 816 4372 ω
836 4307 907 4372 iiii
923 4338 935 4376 a
1127 4302 1292 4394 ἠνιάσθην

486 4412 796 4502 παρεσκευασμένος
841 4439 866 4478 ω
883 4415 912 4482 V
928 4444 956 4482 to
1124 4407 1440 4499 σαρασκευασμὲνος

487 4519 523 4587 δέ
546 4548 579 4587 τι
789 4547 815 4587 ω
831 4521 924 4590 VIIr
1122 4517 1159 4585 δέ
1182 4543 1244 4586 τοι.
