3522 5310
361 513 444 578 quae
469 500 501 555 et
525 489 662 555 consilia
696 501 729 556 et
763 489 849 557 iacta
884 493 1078 578 dirigebant,
1116 493 1209 557 euius
1245 493 1294 558 rei
1318 493 1396 579 quin
1427 515 1535 558 sacer·-

359 597 452 664 dotes
478 601 635 664 rationem
659 598 819 664 habereut
842 600 914 664 fieri
943 623 1007 665 non
1043 602 1156 687 potuit,
1193 609 1226 664 et
1260 599 1312 664 his
1347 599 1535 664 auctoribus

362 703 415 769 ille
439 705 559 792 placita
583 728 601 770 e
624 708 691 770 rita
715 706 813 771 ducta
836 717 868 770 et
891 707 934 772 ad
957 729 1053 772 usum
1079 709 1260 794 spectantia
1281 709 1313 771 in
1332 707 1450 793 quibus
1467 717 1536 772 tan-

360 821 430 876 tum
454 815 523 877 veri
547 815 660 896 iuerat,
686 812 836 878 omnibus
858 815 1034 900 perspicua
1050 823 1214 900 tamquam
1232 823 1408 900 praecepta
1425 813 1537 899 templi

363 921 394 984 iu
418 921 523 984 fronte
548 922 704 1006 inscripta
728 931 803 985 suut
825 920 978 1006 (Pausau.
996 922 1029 985 X
1053 921 1143 1004 24,1
1169 927 1200 990 ἐν
1222 927 1259 990 δὲ
1282 935 1326 1010 τῷ
1349 930 1470 1013 προνάῳ
1493 935 1537 1011 τῷ

363 1033 393 1096 ἐν
404 1031 534 1121 Δελφοῖς
545 1037 744 1120 γεγραμμένα
755 1035 836 1098 ἐστὶν
850 1035 1038 1122 ὠφελήματα
1051 1033 1220 1121 ἀνθρώποις
1231 1034 1262 1110 ἐς
1275 1028 1362 1121 βίον).
1380 1027 1537 1092 Eiusdem

362 1157 441 1199 vero
464 1137 596 1220 generis
613 1147 689 1200 suut
712 1146 839 1222 septem
856 1135 1058 1222 sapientibus
1080 1138 1248 1221 assignata
1271 1135 1367 1218 dicta,
1384 1139 1423 1203 ὧν
1445 1143 1539 1216 πολὺς

361 1248 473 1329 νοῦςέν
485 1247 574 1336 ὀλίγῃ
586 1249 667 1324 λέξει
679 1251 890 1313 συνέσταλται.
915 1233 966 1312 κα)
977 1250 1028 1313 δεῖ
1036 1251 1078 1312 τὰ
1093 1256 1222 1312 τοιαῦτα
1239 1249 1375 1335 μάλιστα
1387 1255 1451 1324 τοῖς
1463 1247 1537 1312 ἀδο-

361 1358 482 1442 λέσχαις
489 1355 683 1444 προβάλλειν,
694 1355 766 1438 ὅσην
775 1357 860 1444 χάριν
873 1355 933 1444 ἔχει
944 1357 996 1420 καὶ
1007 1355 1132 1443 δύναμιν
1146 1348 1320 1436 (Plutarch.
1331 1349 1462 1435 degam.
1473 1350 1536 1433 17).

358 1455 446 1538 Ἴσως
469 1464 521 1550 μὲν
545 1465 596 1527 καὶ
620 1465 759 1551 ὠφέλιμα
782 1471 847 1540 τοῖς
870 1463 1067 1552 πειθομένοις,
1091 1461 1204 1551 ἔχοντα
1218 1465 1254 1526 δέ
1274 1487 1304 1526 τι
1326 1463 1357 1526 ἐν
1373 1471 1417 1548 τῷ
1436 1461 1541 1550 βραχεῖ

363 1565 417 1650 τῆς
446 1569 620 1646 ἀποδόσεως
653 1571 711 1650 ἡδὺ
745 1573 797 1634 καὶ
831 1571 1054 1658 προσαληπικόν
1064 1565 1084 1649 1)
1118 1565 1247 1646 (Inedit.
1277 1565 1382 1630 Vatic.
1412 1564 1463 1629 ed.
1498 1562 1538 1628 de

362 1672 489 1754 Arnim,
517 1672 628 1736 Herm.
651 1669 786 1737 XXVII
810 1671 925 1756 (1892)
951 1695 981 1758 p.
1008 1672 1093 1752 120).
1131 1672 1240 1759 Atque
1265 1674 1356 1753 οὗτος
1379 1678 1395 1741 ὁ
1418 1676 1538 1764 τρόπος,

363 1780 468 1866 inquit
499 1779 590 1843 Plato
620 1779 748 1864 Protag.
773 1779 838 1844 343
853 1778 891 1861 Ο,
927 1783 962 1865 ἦν
996 1793 1056 1848 τῶν
1091 1787 1226 1849 παλαιῶν
1259 1791 1316 1865 τῆς
1349 1784 1538 1872 φιλοσοφίας,

364 1891 553 1979 βραχυλογία
576 1914 621 1968 τις
644 1891 816 1972 Λακωνική.
848 1886 936 1967 Quid
952 1888 1050 1971 igitur
1065 1885 1194 1951 facilius
1211 1885 1281 1950 lieri
1298 1895 1425 1968 poterat
1441 1905 1537 1972 quam

366 2003 398 2057 ut
426 1991 589 2079 Delphica
619 2003 795 2080 praecepta
826 2016 902 2059 oum
937 1994 1032 2059 dictis
1068 2004 1195 2080 septem
1231 1995 1427 2080 sapientium
1463 2015 1537 2056 con-

365 2101 598 2165 taminarentur
623 2124 801 2189 eorumque
827 2103 917 2188 origo
933 2104 978 2166 ita
995 2101 1222 2188 explicaretur,
1244 2111 1279 2164 ut
1298 2099 1390 2165 Plato
1415 2099 1537 2164 facturn

365 2230 440 2275 esse
457 2208 568 2272 tradit:
594 2211 790 2274 convenisse
808 2220 934 2295 septem
953 2210 1119 2296 sapientes
1138 2207 1288 2294 Delphos
1309 2216 1341 2272 et
1357 2207 1444 2272 dicta
1460 2217 1539 2271 tam-

365 2336 462 2400 quam
487 2317 645 2401 primitias
670 2318 849 2402 sapientiae
878 2314 1024 2402 Apollini
1054 2314 1228 2380 dedicasse
1257 2316 1395 2400 eiusque
1419 2313 1538 2400 templo

365 2423 575 2508 inscripsisse
609 2423 750 2508 (Protug.
775 2423 840 2488 343
866 2423 892 2487 B
910 2426 994 2493 οὗτοι
1017 2430 1171 2518 καὶκοινῇ
1193 2426 1540 2514 ξυνελθόντεςάπαρχὴν

365 2542 420 2614 τῆς
450 2537 558 2623 σοφίας
586 2535 734 2600 ἀνέθεσαν
761 2545 806 2622 τῷ
831 2533 1002 2602 Ἀπόλλωνι
1030 2536 1072 2612 εἰς
1098 2537 1151 2600 τὸν
1174 2539 1247 2624 νεὼν
1275 2535 1328 2598 τὸν
1356 2533 1387 2598 ἐν
1411 2533 1540 2622 Δελφοῖς

364 2641 537 2730 γράψαντες
559 2650 669 2720 ταῦτα,
694 2644 715 2706 ά
737 2645 776 2723 δὴ
799 2645 907 2718 πάντες
930 2645 1054 2730 ὑμνοῦσι
1075 2634 1182 2730 ’γνῶθι
1206 2636 1329 2706 σαυτόν’
1353 2643 1405 2705 καὶ
1419 2642 1456 2704 τὸ
1471 2632 1477 2652 “
1484 2663 1539 2727 μη-

366 2749 418 2812 dtu
441 2745 553 2836 ἄγαν).
572 2743 694 2809 Confer
718 2747 814 2810 etiam
833 2744 997 2810 Charmid.
1015 2746 1076 2809 164
1094 2745 1126 2808 D
1143 2767 1193 2830 sq.
1209 2744 1351 2812 Pausan.
1364 2743 1396 2806 X
1410 2743 1461 2824 24,
1481 2743 1539 2828 12).

476 2921 496 2985 ι)
516 2919 604 2974 Recte
623 2920 771 2974 adnotavit
787 2920 884 2974 Kaibel
903 2939 930 2989 p.
946 2921 1008 2974 124:
1028 2918 1226 2988 παρακλητικὸν
1243 2919 1345 2973 selteint
1363 2917 1414 2972 dos
1431 2919 1543 2986 η’σΙιίἰρε

369 3025 401 3063 ια
419 3025 486 3064 aaa.
1218 3035 1219 3040 =

476 3099 496 3164 2)
515 3098 548 3152 Ιιι
569 3100 691 3170 Aegypti
703 3101 765 3154 loco
778 3100 907 3168 quodum,
926 3097 973 3168 qui
987 3097 1055 3152 Deir
1067 3098 1193 3153 el-Bahri
1207 3098 1375 3158 nominatur,
1388 3097 1418 3150 in
1431 3099 1542 3151 ostraco

367 3188 473 3242 saeculi
492 3203 517 3242 ε.
538 3187 601 3242 Chr.
621 3208 648 3242 n.
667 3190 745 3242 tertii
770 3193 914 3258 Ἀμενώτου
938 3192 1065 3258 irretiant
1092 3189 1225 3243 inventae
1248 3191 1322 3253 sunt,
1347 3204 1418 3256 quae
1437 3186 1543 3256 placite

368 3295 535 3346 qumquam
555 3278 706 3332 maximum
725 3281 835 3348 partem
856 3279 954 3333 eadem
974 3280 1059 3346 atque
1073 3282 1182 3348 septem
1197 3277 1366 3346 sapientium
1379 3276 1541 3342 dictasunt,

367 3369 462 3420 tamen
487 3368 651 3436 Aurenophi‚
677 3367 874 3422 Thebanorum
898 3369 1010 3428 Sancto.
1040 3366 1203 3420 adiudicata
1225 3371 1299 3419 sunt.
1338 3363 1378 3418 cf.
1404 3364 1542 3430 Wdclren.

367 3457 549 3524 Aegyptiace.
575 3457 712 3513 Festschr.
735 3457 753 3513 f.
774 3457 868 3518 Ebers,
889 3457 979 3526 Leipz,
1002 3457 1079 3525 1897,
1103 3475 1129 3526 p.
1152 3457 1202 3509 142
1222 3476 1262 3524 sq.
1302 3454 1412 3509 Griech.
1433 3453 1542 3524 Papyri,

367 3545 461 3598 Berlin
483 3545 559 3608 1897,
578 3565 605 3616 p.
625 3547 667 3600 34.
698 3547 782 3612 tirou,
802 3545 880 3600 Neue
899 3546 1016 3601 Jahrbb.
1037 3545 1054 3598 f.
1076 3546 1101 3598 d.
1123 3545 1204 3599 klass.
1226 3544 1326 3598 Altert.
1347 3543 1412 3597 1901
1435 3562 1461 3612 p.
1481 3543 1541 3596 573.
