3496 5310
239 1613 423 1718 Nonnullis
453 1649 519 1717 iam
550 1647 832 1733 disputationibus
863 1648 968 1717 verba
1000 1641 1093 1717 iacta
1117 1645 1254 1718 essedo
1278 1646 1383 1719 Grae·

154 1777 264 1826 carum
290 1777 403 1826 vocum
429 1757 516 1841 apud
540 1757 705 1825 Romanos
729 1776 789 1825 usu
806 1776 1001 1840 quamquam
1018 1758 1106 1824 haud
1121 1757 1247 1844 ignoro,
1273 1765 1383 1828 tamen

154 1867 261 1934 adhuc
284 1885 379 1934 nemo
403 1884 444 1932 ea
467 1884 532 1948 qna
555 1865 699 1948 oportuit
724 1864 898 1950 diligentia
917 1871 1100 1948 temporum
1121 1866 1237 1934 habita
1253 1867 1383 1934 ratione

154 1975 327 2058 qnaesivit,
347 1973 540 2056 quibusnam
558 1972 665 2040 causis
682 1977 812 2055 poetae,
834 1978 872 2039 nt
887 1972 1176 2040 terminationibus
1192 1979 1227 2042 et
1243 1973 1383 2042 Graecis

153 2086 326 2148 uterentur
350 2085 384 2146 et
407 2079 553 2162 Latinis,
586 2079 738 2146 commoti
768 2079 845 2146 sint.
892 2081 978 2162 quod
1004 2085 1042 2146 ut
1065 2080 1215 2164 probem,
1248 2081 1288 2148 de
1318 2080 1384 2148 illis

153 2186 482 2256 commentationibus
495 2206 578 2270 quaa
591 2186 720 2270 quidem
733 2186 812 2253 mihi
828 2187 1055 2270 innotuerunt,
1072 2206 1177 2271 pauca
1192 2186 1382 2271 praefabor.

241 2298 351 2378 Atque
381 2295 487 2378 primo
519 2294 648 2377 quidem
679 2293 751 2360 loco
775 2294 896 2360 Koenii
926 2294 1144 2377 appellandus
1174 2301 1227 2362 est
1250 2295 1383 2362 libellus

155 2390 264 2486 „door
293 2404 345 2470 aa
373 2402 512 2487 aprauu
540 2403 596 2469 cer
625 2403 799 2468 ramaclo
827 2401 978 2485 apaan
1010 2402 1159 2469 maaca
1183 2407 1279 2470 1840.
1327 2401 1384 2484 qui

153 2512 237 2593 quod
263 2510 304 2577 de
327 2509 513 2577 nominibus
529 2508 668 2577 Graecis
693 2508 855 2592 copiosius
879 2529 943 2576 non
969 2509 1049 2594 egit,
1073 2510 1161 2577 haud
1184 2509 1302 2576 mirum
1321 2516 1382 2594 est,

153 2637 222 2685 cum
253 2619 336 2685 haec
364 2623 493 2701 partem
518 2621 647 2684 tantum
678 2615 838 2684 sermonis
870 2635 932 2699 quo
963 2617 1014 2684 usi
1044 2622 1123 2684 sunt
1154 2615 1279 2684 heroici
1310 2635 1383 2683 car-

152 2725 250 2793 minis
267 2730 394 2809 poetae,
420 2722 580 2792 efficiant.
612 2725 670 2791 sed
685 2743 727 2792 ne
743 2723 915 2792 materiam
932 2723 1061 2807 quidem
1081 2725 1210 2807 plenam
1235 2724 1382 2808 collegit,

153 2853 214 2916 quo
239 2832 366 2900 factum
391 2838 457 2918 est,
489 2838 527 2899 ut
550 2832 708 2899 nonnulla
732 2831 911 2898 contendat
937 2850 1021 2914 quae
1045 2851 1066 2898 a
1088 2851 1168 2899 uero
1193 2832 1382 2899 abhorrent.

241 2939 356 3023 Neque
378 2940 451 3023 plus
475 2938 663 3022 proficimus
688 2957 785 3022 opere
808 2938 865 3005 illo
890 2940 975 3021 quod
994 2939 1031 3006 0.
1050 2939 1162 3008 Weiss
1186 2941 1226 3008 de
1249 2939 1384 3007 vocibus

152 3047 295 3116 Graecis
317 3047 351 3113 in
375 3065 523 3114 sermone
547 3046 669 3114 Latino
691 3046 839 3114 inuentis
863 3046 998 3128 scripsit
1009 3045 1044 3132 1).
1081 3065 1157 3113 nam
1181 3045 1290 3114 omnia
1313 3045 1384 3129 qui-

152 3156 224 3223 dem
254 3154 387 3222 nomina
417 3153 621 3238 appellativa
650 3174 668 3221 e
692 3156 822 3222 Graeca
846 3153 960 3238 lingua
983 3155 1178 3237 deprompta
1200 3153 1285 3221 mira
1307 3153 1384 3220 dili-

152 3263 269 3348 gentia
302 3262 451 3348 collegit,
486 3264 545 3330 sed
578 3267 613 3329 et
646 3264 687 3330 de
715 3262 898 3329 nominibus
927 3261 1071 3346 propriis
1102 3281 1269 3346 perpauca
1300 3262 1386 3329 dixit

152 3389 259 3454 neque
289 3388 409 3438 causas
440 3369 570 3454 attulit,
603 3368 720 3452 quibus
752 3370 886 3436 adducti
917 3369 984 3437 sint
1008 3375 1143 3454 poetae,
1174 3375 1212 3436 ut
1235 3369 1384 3437 Graecas

151 3476 407 3544 terminationes
439 3477 494 3544 hic
525 3476 594 3544 illic
627 3482 799 3560 ponerent.
852 3482 951 3560 atqua
983 3477 1068 3544 idem
1103 3476 1195 3544 valet
1228 3477 1269 3544 do
1301 3476 1386 3544 libro

153 3583 251 3651 Neuii
278 3581 518 3668 „Formmtebrc
540 3586 596 3652 der
619 3585 819 3652 mulcebam
842 3585 1001 3668 Sprocbe“
1032 3583 1204 3670 (Stuttqart
1227 3589 1316 3652 1866
1342 3622 1385 3632 -

155 3692 272 3760 Erstcr
297 3692 395 3777 Tell),
427 3690 484 3774 qui
512 3710 637 3759 summa
660 3691 834 3775 diligentia
857 3692 978 3759 formas
1002 3691 1149 3758 Graecas
1174 3690 1322 3775 collegit,
1353 3698 1388 3758 et

154 3799 194 3866 de
222 3799 386 3866 Tcnsauro
413 3799 599 3885 dubprucoo
622 3797 839 3882 Saalfeldii2).
887 3807 1021 3882 praeter
1050 3800 1110 3865 bos
1141 3797 1288 3865 nonnulli
1321 3797 1386 3865 viri

154 3905 243 3973 docti
282 3905 453 3973 occasione
491 3906 605 3974 oblata
643 3908 684 3974 de
723 3907 786 3973 hac
823 3905 877 3974 vel
912 3906 972 3972 illa
1007 3924 1106 3973 causa
1140 3905 1385 3973 terminationis

154 4011 308 4080 Graecae
331 4013 503 4081 adhibitae
533 4015 637 4081 uerba
668 4014 836 4096 fecerunt,
868 4015 926 4080 sed
956 4013 1006 4080 ita
1035 4021 1072 4080 ut
1094 4013 1184 4081 baud
1208 4013 1309 4080 semel
1333 4033 1385 4081 er-

249 4226 269 4295 ¹)
288 4225 363 4294 „Da
382 4225 565 4297 mactiscltm
588 4227 697 4283 Wdrtcr
718 4228 757 4281 im
775 4227 895 4282 Latoiu“
917 4243 970 4282 oon
992 4227 1045 4282 Dr.
1066 4227 1096 4282 0.
1115 4226 1210 4306 Weiss.
1250 4227 1384 4282 Getrdnte

156 4315 336 4384 Preiscclmfl
354 4316 403 4370 der
423 4315 564 4371 darnulio·
581 4317 849 4372 Jublouowalciacltm
863 4315 1048 4386 Geaellccluaft.
1075 4317 1188 4387 Lcipeu'q
1207 4320 1285 4372 1882.
1312 4317 1386 4387 (tom

154 4405 201 4474 23)
216 4408 398 4564 μ’)ὄθῦἰῃρ.
411 4495 447 4549 Α.
461 4494 602 4578 saalfeld.-
629 4495 784 4551 Pandarus
801 4497 990 4565 italopruceus.
1018 4495 1097 4549 Wian
1116 4499 1193 4549 1884.

212 4633 391 4689 antelatos,
408 4635 442 4677 Do
457 4645 543 4679 vocum
559 4637 709 4680 Graccusu.
1265 4619 1279 4672 Ῑ
