3452 5316
178 549 293 615 divina
316 553 411 630 parte
435 547 579 628 animae,
608 546 828 612 substantiam
853 552 961 612 entem
985 546 1079 612 illam
1103 546 1224 612 mutari
1248 546 1407 613 materiae

178 661 281 738 statu,
312 655 424 735 itaque
448 653 667 736 colligendum
692 673 764 720 esse
797 654 949 736 animam,
983 654 1103 736 quippe
1127 673 1211 734 quae
1237 653 1301 720 iam
1332 673 1408 720 con-

177 764 290 828 iuncta
314 763 359 828 sit
383 782 455 828 enm
479 761 624 828 essentia
648 761 720 844 illa,
752 761 852 828 facile
875 761 1119 844 recognituram
1150 781 1221 827 esse
1245 761 1407 828 elementa

180 871 340 954 corporis,
366 889 449 951 quae
466 870 595 951 quidem
620 868 799 951 effecerint,
824 876 861 935 nt
877 869 1019 935 essentia
1036 889 1075 934 ea
1095 869 1198 935 inerit
1214 888 1297 950 quae
1315 869 1407 935 facta

177 979 223 1044 sit
251 978 303 1064 (de
328 978 409 1060 opii.
438 975 615 1062 117,118).
664 977 793 1042 Aeneas
821 983 929 1042 autem
959 976 1051 1042 illam
1080 977 1222 1059 speciem
1251 976 1318 1042 iam
1346 996 1406 1058 per

176 1105 213 1151 se
235 1084 443 1166 pronuntiat,
476 1084 533 1149 ubi
562 1091 690 1165 tempus
713 1083 946 1164 praestitutum
977 1084 1162 1166 advenerit,
1194 1084 1405 1150 collecturam

179 1199 213 1258 et
237 1192 270 1256 in
295 1191 465 1273 antiquum
489 1197 610 1256 statum
635 1190 862 1256 restituturam
887 1209 958 1256 esse
975 1191 1122 1272 corporis
1147 1191 1316 1274 elementa,
1342 1210 1404 1271 quo

178 1299 313 1366 facilius
338 1298 447 1364 anima
472 1317 511 1364 ea
533 1304 749 1380 recognoscat
773 1297 1026 1384 (δᾶν-666).
1074 1297 1277 1381 Quamquam
1302 1298 1406 1380 igitur

175 1407 275 1474 valde
305 1407 392 1472 inter
419 1425 455 1472 se
478 1405 691 1488 dissentiunt,
723 1412 832 1471 tamen
863 1405 1032 1472 simillimo
1061 1405 1209 1487 exemplo
1242 1411 1405 1471 testantur

176 1513 361 1580 doctrinam
385 1533 494 1580 suam:

176 1659 261 1740 66,e
284 1696 287 1702 ·
309 1657 378 1723 Καὶ
413 1654 512 1732 αὐτὸς
546 1653 563 1721 ὁ
596 1657 763 1740 συγκαλῶν
819 1658 858 1722 de
882 1657 963 1739 opii.
992 1658 1054 1723 116
1096 1649 1193 1733 Είδές
1224 1680 1291 1721 που
1321 1653 1403 1720 πάν-

222 1760 304 1840 ochs-
327 1761 467 1852 έκάσσην
485 1760 594 1850 ψυχὴν
617 1760 702 1852 πρὸς
725 1762 761 1828 ed
862 1787 926 1839 σως
972 1761 1006 1829 έν
1051 1769 1126 1840 τοῖς
1171 1760 1405 1852 ἀνθρωπίναις

223 1870 343 1937 οίκεῑον
374 1869 534 1954 ἐκπέμπει
563 1871 618 1936 καὶ
642 1872 762 1951 δισχω-
863 1867 1009 1959 οίκησεσι
1034 1868 1145 1960 κοινὴν
1168 1868 1287 1958 ἀγέλην
1312 1867 1404 1951 ζώων

223 1979 307 2065 σίζει
330 1979 385 2044 καὶ
410 1977 574 2062 διανέμει,
605 1975 762 2068 καθάπερ
861 1980 959 2043 τινοῖν
995 1977 1029 2044 ἐκ
1063 1982 1175 2045 κοινοῦ
1208 1974 1402 2060 συνισταμέ-

222 2084 255 2151 oi
282 2083 361 2173 παρ’
386 2084 464 2173 ἡμῖν
487 2082 611 2169 ἀγαθοὶ
640 2091 761 2169 νομεῖς,
861 2110 929 2173 νην.
976 2082 1047 2150 ἀλλ’
1077 2083 1156 2152 ὅταν
1186 2082 1287 2150 πάλιν
1317 2081 1402 2172 πρὸς

223 2197 259 2258 oi*
277 2192 406 2280 μυρίων
430 2189 532 2257 ὄντων
555 2195 621 2258 τοῖν
643 2203 761 2282 βοσκη-
860 2192 938 2268 τούς
961 2191 1176 2280 κεκτημένους
1196 2189 1279 2280 αὕτη
1303 2215 1401 2258 κανα-

221 2297 335 2385 μάνων
383 2299 588 2386 διακρίνουσι
640 2299 763 2388 ῥᾳδίως
860 2300 1051 2390 μερίζηνσι,
1090 2297 1110 2387 ἢ
1139 2325 1176 2365 τε
1210 2299 1294 2387 πρὸς
1323 2297 1401 2375 τοὺς

221 2397 242 2496 ᾗ
272 2405 333 2495 χρὴ
365 2404 500 2484 aasz-a,
531 2408 586 2472 καί
619 2403 658 2472 οὐ
688 2405 763 2482 δέος
861 2409 971 2483 οἴκους
995 2405 1157 2495 συνήθεια
1185 2403 1304 2474 καὶτὰ
1329 2406 1401 2473 ἑπι-

221 2513 267 2603 μὴ
292 2539 373 2580 ποτε
397 2514 653 2602 συνναραχθείη.
860 2513 993 2597 κείμενα
1051 2520 1172 2602 σημεῖα
1224 2520 1262 2580 τὸ
1315 2516 1401 2581 ἴδιον

860 2617 986 2708 έκάστῳ
1011 2619 1271 2711 ἀποκαθίστησι.

265 2767 304 2831 ln
334 2771 489 2846 sequente
520 2772 614 2846 parte
645 2765 941 2846 argumentationis
972 2769 1066 2832 ambo
1097 2766 1284 2848 philosophi
1315 2767 1402 2831 inter

175 2894 210 2940 se
235 2872 450 2938 consentiunt.
488 2872 634 2951 Uterque
658 2871 744 2936 enim
768 2873 970 2938 demonstrat
994 2879 1145 2938 naturam
1169 2873 1275 2954 ipsam
1300 2873 1401 2937 fateri

174 2979 247 3046 fieri
270 2997 366 3062 posse
390 2977 560 3061 facillime,
585 2985 622 3044 ut
644 2979 755 3043 anima
771 2979 909 3061 colligat
930 2999 1045 3045 rursus
1069 2980 1229 3046 elementa
1253 2980 1400 3061 corporis

174 3087 317 3167 undique
347 3086 508 3167 dispersa.
564 3086 649 3152 Nam
683 3090 718 3151 ut
751 3106 791 3151 ex
823 3106 887 3152 uno
921 3106 1032 3152 unrore
1067 3088 1315 3167 unumquodque
1347 3107 1401 3152 ar-

173 3198 304 3260 bustum
333 3193 367 3258 id
395 3193 501 3258 solum
525 3193 641 3274 eligat,
674 3194 759 3273 quod
782 3193 849 3258 sibi
872 3194 952 3258 utile
975 3195 1034 3277 sit,
1065 3200 1100 3259 ut
1123 3194 1190 3260 vim
1219 3193 1253 3259 in
1277 3195 1401 3260 semine

174 3301 322 3368 abditam
346 3300 539 3383 patefaciat,
571 3300 620 3365 ita
644 3301 786 3366 animam
818 3321 857 3366 ex
882 3301 1052 3368 elementis
1083 3321 1122 3367 ea
1150 3302 1255 3368 solum
1283 3302 1401 3368 colleo-

174 3415 281 3474 turam
306 3427 387 3490 esse,
417 3426 500 3488 qnae
523 3408 589 3472 iam
614 3415 712 3472 antea
740 3408 774 3472 in
799 3427 935 3490 corpore
960 3409 1031 3474 eins
1060 3409 1193 3474 fuerint.
1226 3409 1320 3494 (Aen.
1346 3411 1399 3492 66,

173 3545 270 3598 ιο-κο,
301 3516 400 3597 Greg.
426 3517 465 3580 de
490 3515 570 3597 opii.
599 3517 685 3599 118.)
733 3515 855 3581 Hansit
885 3516 985 3582 etiam
1017 3516 1199 3597 exemplum
1229 3517 1358 3583 Aeneas
1383 3538 1401 3583 e

173 3622 348 3705 Gregorio,
374 3641 568 3703 quamquam
585 3623 682 3688 ualde
704 3628 874 3687 mutatum.
916 3623 1096 3704 Gregorius
1121 3623 1206 3688 enim
1231 3632 1401 3706 comparat

173 3731 404 3797 elementorum
438 3730 675 3812 dispersionem
709 3749 780 3795 cnm
812 3729 984 3796 diffluente
1018 3737 1155 3813 argento
1188 3732 1280 3814 vive,
1315 3734 1400 3812 qnod

172 3837 305 3919 quidem
328 3856 400 3902 eum
424 3836 513 3902 nullo
539 3838 604 3902 alio
627 3857 764 3918 corpore
787 3837 974 3918 misceatur,
999 3838 1028 3904 si
1045 3845 1153 3904 antem
1178 3838 1399 3921 colligeretur,

173 3945 208 4010 in
232 3964 331 4010 unum
355 3946 533 4010 conflueret
556 3964 681 4027 purum,
707 3951 742 4010 ut
759 3944 826 4010 init
849 3950 964 4026 antea;
997 3945 1045 4010 ita
1069 3945 1229 4010 elementa
1251 3946 1400 4026 eorporis

172 4051 338 4119 confluere
362 4051 396 4116 in
419 4069 518 4117 unum
542 4052 633 4117 iussu
658 4051 710 4116 dei
733 4057 831 4117 mota.
870 4052 999 4119 Aeneas
1020 4059 1136 4118 eontra
1159 4051 1400 4117 contentionem

173 4158 259 4225 facit
282 4159 370 4224 inter
389 4158 552 4224 Achillem
576 4178 712 4224 aeneum
736 4165 901 4225 vetustate
930 4158 1071 4226 solutum
1096 4158 1253 4240 temporis
1278 4165 1310 4224 et
1333 4160 1401 4223 dis-

172 4285 314 4350 persum,
347 4266 439 4332 cuius
467 4286 544 4332 aere
567 4272 699 4333 servato
723 4267 848 4332 artifex
873 4266 1005 4346 quidam
1038 4285 1116 4332 usus
1145 4273 1195 4331 est
1218 4284 1400 4346 novumque

173 4373 257 4440 fecit
272 4374 434 4439 Achillem
459 4381 588 4440 mutans
609 4375 752 4456 speciem
772 4374 932 4440 materiae
955 4375 1014 4456 ita,
1038 4379 1075 4439 ut
1091 4393 1131 4438 ex
1155 4392 1256 4439 aeneo
1281 4391 1400 4438 aureus

174 4481 284 4547 faetus
319 4499 390 4547 esse
422 4481 590 4563 videatur,
625 4482 866 4548 contentionem
898 4482 970 4548 dieo
1004 4480 1088 4547 facit
1121 4480 1207 4546 inter
1237 4480 1400 4546 Achillem
