3522 5310
737 239 950 342 jn„

257 434 426 523 aequalem
473 435 543 502 iere
581 435 747 502 Hellanici
793 437 907 522 fuisse,
952 441 1027 526 quia
1067 433 1217 503 ‘comitem
1266 443 1429 503 auctorum

257 547 310 626 qai
355 545 393 610 oie
426 545 549 626 tripode
592 545 640 609 oei
675 544 789 628 piciclo
835 545 986 628 fobetiom
1031 547 1201 611 excussisse
1247 546 1428 635 tradantur,

255 653 509 733 antiquissimam
531 650 632 716 hobet’
661 652 703 738 (p.
728 651 772 718 20
800 681 834 707 =
865 652 949 737 182).
983 653 1027 718 At
1050 662 1138 717 recte
1163 650 1242 715 dicit
1263 651 1429 725 Tuarkius

255 757 275 823 l.
298 757 334 823 l.:
384 758 454 838 „Es
480 760 524 824 ist
553 759 734 844 verpeblioiu
762 760 826 842 aas
842 761 956 826 diesem
990 759 1082 843 Weoe
1104 761 1179 825 tiber
1206 759 1257 824 die
1281 759 1353 830 Zeit
1375 760 1430 824 des

255 865 393 932 Androm
428 865 621 948 Aussehlass
653 867 816 950 peromnem
847 885 887 931 em
923 867 1064 933 mollem“
1113 865 1189 948 Sed,
1225 867 1290 931 nisi
1322 865 1427 951 fallor,

255 972 335 1036 mihi
391 973 535 1058 contigit,
588 983 624 1037 ut
668 974 790 1038 certius
829 985 970 1040 aetatem
1027 974 1193 1038 Andronis
1252 972 1425 1045 definirem

255 1083 394 1145 termino
429 1091 504 1167 post
544 1102 641 1168 quem
677 1083 819 1147 invento.
880 1082 1113 1168 Fragmentum
1154 1083 1240 1145 euim
1278 1081 1297 1144 7
1333 1080 1430 1146 docet

255 1187 446 1252 Andronem
473 1189 697 1254 inventionem
726 1189 850 1254 formae
873 1188 1053 1254 litterarum
1078 1187 1293 1275 Oallistr‘at01)
1319 1189 1428 1256 Samio

255 1294 452 1360 vindicasse.
500 1294 654 1382 Ephorus
689 1305 797 1361 autern
834 1299 868 1361 in
903 1295 1006 1362 schol.
1044 1295 1158 1360 Venet.
1188 1295 1217 1360 B
1242 1307 1274 1360 et
1303 1295 1426 1364 Towul.

255 1401 296 1467 ad
320 1402 416 1468 Hom.
440 1401 534 1467 Iliad.
553 1401 698 1468 v11185
722 1433 756 1458 =
780 1402 874 1468 1Ἢο
890 1405 907 1468 Ι
923 1403 988 1470 270
1011 1402 1073 1488 frg.
1094 1403 1158 1468 128
1182 1403 1315 1468 adnotat
1331 1402 1427 1469 Calli-

255 1517 390 1575 stratum
423 1509 568 1575 Samium
598 1510 801 1597 temporibus
831 1510 909 1576 belli
939 1510 1212 1597 Peloponnesiaci
1246 1509 1426 1580 litterarum

254 1617 392 1682 formam
416 1629 560 1684 mutasse
591 1627 811 1705 mutatamque
834 1617 1094 1683 Atheniensibus
1117 1617 1302 1685 tradidisse.
1349 1620 1427 1684 Per-

255 1728 405 1813 spicuum
431 1735 481 1789 est
504 1724 694 1792 Andronem
719 1734 751 1789 et
773 1725 945 1813 Ephorum
973 1725 1111 1791 candem
1136 1747 1205 1789 rem
1230 1725 1426 1810 significare,

254 1831 381 1897 scilieet
425 1831 573 1900 Euclidis
619 1831 839 1919 alphabetum.
899 1833 1035 1920 ltaque
1081 1832 1301 1898 Andronem
1340 1845 1429 1920 post

254 1938 525 2005 Callistratum
547 1941 569 2010 i.
586 1961 613 2005 e.
632 1949 721 2027 post
736 1939 879 2005 bellum
895 1939 1277 2028 Peloponnesiacum
1302 1942 1427 2026 scrip-

254 2049 358 2112 sisse
381 2069 547 2112 necesse
565 2057 637 2130 est,
661 2057 698 2111 et
721 2049 810 2134 quia
826 2057 912 2113 ante
936 2047 1178 2135 Theopompi
1201 2045 1428 2134 Philippica

254 2175 350 2241 opus
367 2176 475 2220 suum
492 2156 747 2241 conscripsit,
763 2156 894 2241 priore
912 2153 1071 2219 dimidio
1089 2153 1238 2219 saeculi
1254 2154 1426 2241 quarti2).

342 2282 455 2367 Longe
490 2279 552 2346 alio
587 2280 685 2345 modo
710 2290 806 2368 atque
839 2279 952 2346 Andro
986 2279 1096 2363 refert,
1134 2283 1238 2366 tripus
1275 2281 1316 2345 ad
1353 2303 1427 2368 sep·

254 2401 319 2456 tem
365 2392 533 2478 sapientes
580 2389 730 2476 pervenit
778 2389 813 2453 in
859 2389 1044 2452 narratione
1092 2410 1176 2475 quae
1222 2411 1424 2475 magnopere

254 2501 379 2565 variata
409 2500 443 2562 in
471 2498 614 2563 omnium
647 2517 703 2560 ore
734 2492 809 2560 fuit:
849 2494 1013 2561 Plutarch.
1040 2495 1105 2562 Sol.
1129 2500 1149 2560 4
1172 2509 1274 2565 ταῦτα
1298 2503 1351 2590 μὶν
1375 2500 1426 2566 οὖν

254 2614 308 2676 ὑπὸ
342 2612 485 2677 πλειόνων
519 2609 717 2698 τεθρύληται.
762 2603 861 2690 Diog.
884 2604 993 2669 Laert.
1018 2603 1035 2668 Ι
1058 2604 1100 2669 27
1136 2611 1178 2672 τὰ
1211 2609 1248 2672 δὲ
1281 2609 1346 2695 περὶ
1373 2611 1427 2674 τὸν

253 2721 381 2808 τρίποδα
415 2719 537 2806 φανερά.
585 2711 744 2777 Advenae
779 2720 834 2776 aut
869 2709 1109 2777 adulescentuli
1139 2709 1242 2795 (112)
1272 2734 1292 2774 a
1319 2713 1425 2800 pisca-

253 2821 381 2886 toribus
410 2857 451 2866 -
476 2819 580 2884 lonici
604 2841 623 2883 a
646 2818 784 2884 Milesiis
809 2819 855 2904 (ll
880 2818 909 2882 2.
936 2819 979 2904 6),
1005 2817 1140 2883 Lebedii
1165 2841 1185 2882 a
1208 2817 1286 2883 Cois
1310 2817 1358 2898 (11
1381 2817 1426 2904 4),

253 2927 372 2994 Milesii
396 2951 416 2992 a
440 2927 515 2993 Cois
551 2925 651 3012 (115.
677 2927 709 3011 7)
751 2963 788 2973 -
825 2927 904 2990 retis
934 2927 1054 2990 iactum
1089 2934 1249 3008 emerunt,
1291 2927 1324 2989 in
1361 2945 1425 3011 quo

254 3059 327 3101 cum
351 3035 499 3121 piscibus
523 3043 556 3099 et
579 3035 650 3098 sine
675 3036 723 3098 eis
748 3033 796 3118 (Il
820 3033 849 3098 6.
873 3034 925 3118 10)
949 3035 1054 3120 tripus
1080 3071 1121 3082 -
1145 3033 1180 3096 ΙΙ
1204 3032 1247 3097 10
1270 3031 1426 3097 Messenii

253 3145 435 3232 piscatores
459 3140 619 3228 tripodem
644 3140 819 3206 extrahunt
844 3177 880 3187 -
908 3141 963 3227 qui
987 3139 1180 3227 plerumque
1204 3161 1335 3227 aureus,
1366 3139 1426 3204 sed

254 3273 487 3338 nonnunquam
511 3269 633 3314 aeneus
658 3248 705 3332 (II
730 3248 760 3313 9.
786 3248 841 3327 10)
866 3270 942 3313 esse
966 3246 1077 3331 fertur,
1103 3271 1122 3312 a
1145 3246 1295 3312 Vulcano
1318 3243 1425 3312 sactus

253 3359 302 3445 (ll
320 3357 375 3424 lb.
392 3359 438 3442 4),
467 3357 645 3442 inscriptus
663 3361 719 3445 ‘stt
744 3361 837 3448 copti
864 3355 914 3440 (ΙΙ
937 3355 981 3442 9),
1000 3360 1056 3445 ’τῷ
1080 3359 1262 3450 σοφωτάτῳ’
1288 3351 1334 3440 (ΙΙ
1361 3353 1425 3438 10),

254 3467 412 3532 educitur.
424 3463 491 3531 Ubi
502 3463 557 3528 hic
568 3463 673 3550 tripus
687 3461 944 3549 comprehensus
957 3464 1009 3546 sit,
1021 3464 1112 3527 varie
1122 3463 1273 3528 traditur:
1288 3461 1426 3528 Athenis

253 3574 368 3659 (119),
405 3575 494 3639 circa
521 3569 774 3636 Atheniensium
805 3593 895 3634 mare
926 3568 974 3657 (ΙΙ
998 3570 1042 3654 8),
1079 3571 1167 3635 circa
1196 3569 1300 3635 Coum
1334 3591 1424 3634 mare

254 3681 367 3770 (113),
402 3683 436 3745 in
459 3678 588 3744 Milesia
611 3679 746 3764 regione
770 3677 820 3763 (II
847 3677 910 3764 11).
957 3677 1065 3764 Atque
1101 3679 1208 3742 statim
1244 3676 1426 3764 explicetur

346 3895 365 3960 ¹)
386 3892 427 3948 01.
448 3891 534 3947 etiam
552 3890 643 3948 'I'zetc
664 3889 732 3944 (ihil.
752 3889 806 3943 XII
824 3889 867 3944 62.

343 3983 363 4048 ²)
383 3982 464 4036 Haud
488 3983 566 4036 recte
586 3979 725 4035 Andronis
748 3997 849 4034 aarum
872 3979 1020 4034 constituit
1040 3979 1169 4034 Alfredus
1197 3979 1231 4032 de
1251 3977 1424 4042 Gutschmid.
1471 4023 1475 4034 .

254 4073 351 4128 Kleine
370 4071 512 4127 Schriften
532 4070 570 4126 lV
589 4091 616 4142 p.
640 4071 702 4134 311,
727 4070 774 4139 qui
798 4069 956 4139 suspicatur
979 4069 1126 4124 Nicolaum
1145 4069 1350 4123 Damascennm
1370 4067 1424 4136 irg.

253 4163 286 4216 67
307 4165 336 4217 et
358 4161 393 4216 68
416 4161 503 4231 (1Ηο
520 4161 565 4216 111
583 4179 611 4230 p.
631 4159 746 4230 tossq.)
772 4161 806 4214 de
831 4159 933 4214 Croeso
956 4160 985 4212 in
1008 4176 1077 4228 rogo
1100 4159 1291 4213 narrationem
1315 4175 1349 4210 ex
1368 4157 1426 4210 An·

254 4252 348 4307 dronis
367 4251 488 4321 Tripcde
508 4250 713 4320 deprompsisse
738 4249 832 4316 („Jeme
850 4249 944 4303 beiden
962 4248 1060 4303 storto
1078 4249 1126 4302 irat
1139 4247 1272 4303 Nikotoos
1290 4263 1341 4303 oses
1353 4247 1426 4302 einer

252 4347 377 4410 spotmeri
400 4339 496 4410 Queite.
515 4341 736 4395 wotrseireinliet
748 4339 865 4394 Andron
876 4355 901 4394 o.
915 4338 1038 4406 Ephesos
1052 4339 1089 4392 im
1101 4338 1215 4408 Τρίπους,
1234 4339 1307 4392 einer
1319 4337 1426 4402 Setrift

253 4429 318 4484 coer
340 4429 384 4486 die
403 4433 420 4484 7
442 4429 546 4485 Weisen
564 4447 615 4484 aies
633 4430 692 4484 dern
710 4429 915 4498 Philippischen
933 4427 1096 4497 Zeitoiter“).
1136 4427 1176 4481 cf.
1202 4427 1288 4480 etiam
1307 4426 1423 4480 Wachs-

254 4521 342 4585 muth,
361 4519 472 4576 Einleit.
491 4521 520 4574 in
539 4520 565 4574 d.
586 4521 634 4576 alt.
655 4519 754 4574 Gesch.
773 4538 800 4589 p.
819 4518 872 4572 464
891 4519 956 4576 adn.
973 4517 999 4572 3.
