3522 5310
795 301 838 364 39

227 494 325 560 tradit
352 493 521 561 Thaletem
551 497 698 560 convivis
731 496 848 562 Croesi
875 497 915 562 ab
945 497 1076 584 Ephoro
1108 521 1173 563 non
1202 499 1403 586 adscriptum

227 626 313 668 esse.
376 602 447 667 Nisi
485 626 564 668 casu
614 603 677 669 hoc
716 604 876 691 Diogenis
919 607 1139 671 testimonium
1183 613 1259 692 πλὴν
1297 609 1404 680 Θαλοῦ

227 711 434 793 haberemus,
457 713 562 797 primo
579 711 650 776 loco
667 711 838 777 Thaletem
854 735 1063 798 poneremus.
1111 714 1193 778 Nam
1210 714 1263 779 hie
1279 716 1403 800 primus

227 819 311 883 inter
328 816 475 884 Graecos
500 821 665 905 sapientes
691 829 749 884 est.
781 817 847 904 (Cf.
865 818 935 886 Cic.
952 820 1055 884 Acad.
1073 820 1169 907 prior.
1195 821 1299 906 1137,
1325 822 1402 886 118:

221 929 372 1011 princeps
401 925 523 1000 Thales,
560 947 644 992 uuus
672 949 687 991 e
714 933 839 1008 septem,
876 930 928 992 eui
962 949 1017 992 sex
1050 928 1187 1010 reliquos
1220 932 1405 996 concessisse

224 1037 350 1116 primas
372 1035 489 1115 ferunt.
535 1033 632 1121 Apul.
658 1033 745 1098 Elor.
773 1035 813 1099 18
838 1034 953 1100 Thales
968 1035 1117 1100 Milesius
1139 1057 1178 1100 ex
1199 1041 1315 1117 septem
1340 1037 1406 1102 illis

226 1142 401 1222 sapientiae
425 1144 604 1207 memoretis
626 1144 707 1206 viris
728 1141 824 1223 focile
841 1143 1043 1225 proecipuus.
1092 1141 1193 1207 Clem.
1220 1141 1401 1208 Alexandr.

229 1247 345 1312 Strom.
380 1249 395 1312 l
423 1269 493 1334 cap.
524 1249 564 1313 21
594 1272 625 1335 p.
652 1250 726 1331 143,
758 1248 800 1313 37
825 1247 915 1335 Sylb.
970 1248 1168 1316 Theodoret.
1199 1250 1320 1315 Graec.
1350 1251 1402 1315 aff.

229 1379 296 1421 cur.
322 1355 402 1420 119
430 1379 460 1442 p.
486 1356 528 1421 61
563 1355 667 1422 Caisf.
719 1354 883 1421 Plutarch.
909 1358 1037 1422 conviv.
1064 1357 1128 1421 VII
1163 1380 1232 1444 sap.
1265 1380 1335 1445 cap.
1361 1357 1404 1444 7.)

230 1462 339 1550 (Quod
371 1462 537 1529 Diodorus
566 1464 616 1528 IX
640 1464 683 1529 26
709 1463 915 1530 Anacharsin
945 1466 1090 1529 nominat
1111 1470 1321 1558 πρεσβύτατον
1344 1479 1404 1534 τῶν

228 1585 390 1666 σοφιστῶν,
415 1570 535 1636 nullius
559 1582 609 1636 est
632 1574 809 1656 momenti).
857 1570 1004 1636 Thaletis
1021 1583 1111 1637 aetas
1129 1581 1255 1659 septem
1272 1595 1403 1660 quoque

229 1679 424 1766 sapientium
441 1687 581 1744 aetatem
600 1681 766 1744 constituit
782 1679 891 1764 (Diog.
910 1679 1017 1745 Laert.
1039 1678 1140 1764 122),
1166 1690 1263 1765 atque
1280 1678 1402 1744 Thales

228 1808 312 1850 unus
338 1808 379 1850 ex
402 1788 442 1850 iis
467 1789 588 1872 estqui
613 1791 757 1852 omnium
782 1809 946 1851 consensu
970 1785 1121 1852 omnibus
1146 1786 1346 1872 temporibus
1372 1788 1404 1852 in

228 1904 356 1980 septem
381 1895 546 1981 sapientes
570 1892 662 1958 relati
687 1904 763 1959 sunt
786 1893 898 1980 (Diog.
922 1895 1030 1959 Laert.
1059 1894 1076 1958 Ι
1103 1896 1143 1958 41
1167 1897 1347 1986 Δικαίαρχος
1368 1901 1405 1963 δὲ

227 2010 379 2093 τέσσαρας
394 2010 648 2094 ὡμολογημένους
663 2009 731 2094 ἡμῖν
746 2009 944 2094 superhabens,
963 2004 1079 2086 Θαλῆν,
1098 2007 1223 2084 Βίαντα,
1240 2007 1402 2082 Πιττακόν,

228 2109 381 2192 Σόλωνα).
419 2108 484 2190 Qui
507 2107 570 2174 hoo
594 2110 754 2194 Diogenis
779 2111 998 2174 testimonium
1027 2109 1187 2195 arripiunt
1210 2108 1251 2173 ad
1276 2118 1403 2195 septem

230 2216 395 2303 sapientes
420 2215 613 2281 efficiendos
630 2239 713 2304 quos
731 2215 783 2282 hic
805 2215 858 2281 ille
883 2219 1023 2302 scriptor
1037 2215 1198 2299 habuerit,
1222 2214 1299 2279 inde
1317 2215 1404 2302 quod

229 2321 351 2388 Thales
374 2323 464 2411 apud
479 2322 648 2410 Ephorum
672 2327 705 2390 in
727 2323 841 2390 Croesi
866 2326 1015 2389 convivis
1041 2346 1105 2388 non
1130 2333 1189 2405 est,
1213 2321 1403 2408 intellegere

229 2441 378 2518 possunt,
392 2431 801 2518 quamreoteconcludant.
829 2431 928 2497 Tales
938 2433 1197 2519 computationes
1208 2430 1402 2496 omittendas

232 2560 368 2621 censeo,
392 2561 468 2604 nam
492 2541 520 2603 si
545 2561 609 2604 non
634 2539 747 2622 falsae,
773 2550 914 2604 attamen
943 2539 1004 2603 hae
1028 2541 1060 2602 in
1091 2540 1282 2624 quaestione
1307 2536 1403 2602 valde

233 2644 351 2711 dubiae
374 2655 472 2733 atque
497 2648 670 2712 maximam
702 2657 826 2734 partem
863 2645 983 2712 nullius
1019 2655 1096 2711 suunt
1136 2647 1242 2731 pretii.
1289 2644 1339 2710 lta
1374 2667 1402 2711 e.

229 2777 259 2840 g.
287 2755 472 2820 Bohrenius
499 2752 520 2817 l.
549 2752 569 2820 l
597 2777 628 2841 p.
658 2754 700 2820 32
730 2755 939 2820 nihilominus
964 2754 1134 2818 Thaletem
1163 2754 1247 2817 inter
1276 2763 1403 2839 septem

232 2863 397 2948 sapientes
420 2861 532 2944 refert,
557 2884 640 2948 quos
664 2861 817 2949 Ephorus
841 2863 1000 2927 habuerit.
1041 2861 1150 2947 Atque
1176 2859 1267 2925 multi
1292 2883 1404 2926 eorum

231 2973 286 3057 qui
310 2971 343 3035 in
367 2981 492 3057 septem
518 2973 714 3057 sapientium
740 2993 908 3036 numerum
934 2971 987 3034 hic
1018 2969 1084 3034 illic
1120 2970 1213 3036 relati
1249 2980 1334 3051 sunt,
1370 2979 1406 3033 ut

231 3076 427 3164 Orpbeus,
481 3079 615 3160 Linus,
671 3077 896 3155 Acusilaus,
943 3077 1215 3164 Epicharmus,
1263 3077 1404 3153 Lasus,

230 3186 500 3270 Anaxagoras,
526 3187 775 3266 PisistratuS,
800 3185 1042 3272 Pamphilus,
1072 3184 1123 3249 his
1148 3187 1181 3249 in
1204 3185 1404 3249 ratiocinati-

231 3292 347 3359 onibus
383 3292 609 3379 negleguntur.
668 3292 829 3380 Equidem
864 3304 941 3379 puto
976 3292 1030 3357 tali
1062 3291 1158 3356 modo
1190 3290 1404 3379 scriptoribus

231 3399 360 3465 obtrudi
383 3423 466 3485 quae
483 3424 548 3466 non
569 3411 792 3466 narraverunt.
841 3402 954 3487 Neque
977 3402 1063 3464 enim
1085 3399 1170 3464 ullus
1206 3421 1404 3485 quamquam

231 3507 271 3572 de
317 3516 444 3594 septem
484 3506 686 3595 sapientibus
727 3508 893 3586 disseruit,
941 3509 1073 3572 nomine
1111 3509 1254 3572 omnium
1301 3505 1406 3571 attulit

228 3637 337 3702 neque
366 3617 628 3681 convenientium
658 3639 764 3703 neque
795 3617 1038 3680 convivantium
1062 3637 1169 3701 neque
1193 3614 1234 3679 de
1258 3615 1404 3700 praemio

231 3725 438 3806 certantium3
464 3727 512 3788 eis
537 3723 684 3789 subsidio
709 3730 725 3793 ὁ
751 3727 845 3806 ἄλλος
867 3725 1055 3806 arcessitur,
1086 3725 1138 3786 cui
1162 3721 1241 3808 quid
1263 3722 1404 3787 nominis

231 3831 391 3914 inderent,
414 3833 478 3918 ipsi
501 3830 703 3897 nesciebant.
729 3831 845 3918 Itaque
871 3832 1105 3917 quaestionem,
1131 3850 1213 3914 quos
1239 3831 1405 3915 sapientes

230 3937 384 4025 Ephorus
408 3939 524 4004 Croesi
548 3942 704 4004 convivas
729 3938 902 4020 induxerit,
928 3937 1056 4002 solvere
1081 3959 1146 4002 non
1171 3959 1314 4023 possum.

318 4046 364 4111 Ut
391 4057 499 4112 autem
523 4046 677 4133 Ephorus
701 4045 870 4111 Thaletem
900 4048 983 4111 inter
1007 4045 1124 4111 Croesi
1152 4046 1308 4110 convivas
1337 4065 1404 4107 non

230 4154 339 4235 refert,
362 4156 407 4218 ita
431 4175 472 4218 ne
488 4153 655 4220 Diodorus
677 4154 818 4241 quidem.
865 4153 940 4235 Qua
963 4176 998 4218 re
1023 4153 1211 4218 confirmari
1227 4174 1312 4238 quae
1336 4149 1404 4216 dixi

230 4261 276 4348 (p.
313 4261 345 4344 9)
391 4260 575 4326 Diodorum
613 4261 758 4327 ultimam
794 4272 920 4348 partem
967 4260 1040 4325 libri
1082 4261 1160 4326 noni
1195 4283 1236 4324 ex
1271 4258 1404 4345 Ephoro

231 4369 424 4456 sumpsisse,
455 4368 553 4434 rides.

320 4475 387 4542 Cur
402 4485 511 4542 autem
523 4476 676 4564 Ephorus
693 4475 862 4542 Thaletem
877 4476 992 4543 Croesi
1010 4477 1183 4542 convivam
1199 4495 1265 4538 non
1281 4473 1404 4557 afferat,

231 4581 385 4650 Stettiner
407 4584 427 4650 l.
453 4583 472 4652 l.
498 4609 527 4674 p.
553 4585 583 4668 5,
609 4585 696 4674 quod
721 4607 854 4651 causam
879 4584 976 4651 huius
1000 4587 1049 4650 rei
1071 4583 1242 4664 invenerit,
1272 4579 1402 4646 laudem
