3496 5310
924 415 968 482 52

329 645 464 696 numero
489 625 667 694 farmamm
692 627 841 696 Graecas
861 629 1113 697 terminationes
1137 629 1213 712 quin
1237 637 1414 698 servarent
1442 632 1559 698 iecere

329 753 394 802 non
417 740 561 817 possent.
594 740 633 800 ut
648 734 710 801 hoo
726 754 855 817 qnoque
878 736 1006 818 addam,
1032 740 1151 818 poetas
1174 755 1234 820 per
1258 737 1559 819 pronuntiationem

329 841 462 909 nomina
492 841 605 923 qualia
634 849 711 908 sunt
740 843 865 910 Pennas
890 843 997 910 &leue
1028 863 1113 926 quae
1144 840 1288 932 Πηνειός
1316 841 1440 921 Κελεὸς
1470 855 1559 928 sunt,

330 955 365 1014 et
388 949 556 1016 adiectiva
579 953 616 1015 ut
635 948 779 1032 Orpheae
801 968 866 1016 non
890 949 1075 1018 seiunxisse
1099 952 1142 1017 ab
1166 951 1240 1018 istis
1264 951 1446 1020 nominibus
1472 954 1560 1020 reri-

328 1055 432 1123 simile
464 1075 530 1122 non
563 1055 707 1122 videtur.
763 1063 892 1124 tantum
925 1057 1035 1139 potios
1068 1058 1200 1141 aberat,
1236 1064 1274 1124 ut
1306 1057 1560 1126 terminationes

328 1162 467 1230 Latinas
491 1163 558 1229 ullo
582 1162 653 1229 loeo
677 1161 889 1230 anteferrent
912 1162 1065 1247 Graecis,
1099 1169 1137 1230 nt
1161 1164 1195 1230 in
1219 1164 1406 1232 nominibus
1429 1167 1456 1232 I
1457 1167 1560 1234 llanea

327 1270 535 1338 Idomaaeae
564 1269 675 1337 vocali
705 1276 840 1352 praeter
870 1270 1138 1337 consuetudinem
1162 1272 1324 1353 producta
1346 1272 1397 1338 uti
1420 1280 1560 1355 possent

328 1377 459 1445 Graeca
483 1376 725 1444 terminatione.
759 1376 898 1444 Horatio
921 1377 1049 1459 quidem
1073 1381 1117 1444 -ee'
1141 1377 1405 1447 terminationem
1430 1381 1559 1448 duabus

326 1484 464 1570 syllabis
489 1485 705 1567 pronuntiare
728 1484 762 1549 in
787 1485 989 1552 carminibus
1017 1485 1154 1569 licebat,
1187 1506 1258 1553 com
1289 1505 1387 1554 voces
1411 1487 1559 1555 creticae

326 1592 447 1675 optime
470 1594 513 1658 ad
536 1592 679 1675 plurima
702 1592 800 1659 metri
824 1611 950 1676 genera
972 1592 1089 1676 quibus
1108 1593 1142 1659 in
1159 1594 1338 1660 carminum
1360 1595 1456 1662 libris
1480 1615 1559 1662 usus

327 1705 389 1784 est,
413 1706 495 1782 apta
518 1707 639 1768 essent.

414 1806 636 1874 Difficultatis
670 1825 766 1888 quam
802 1807 951 1891 syllabae
986 1806 1151 1890 positione
1183 1808 1303 1893 longae
1336 1809 1443 1892 poetis
1475 1809 1557 1877 affe·

325 1915 445 1981 rebant
469 1921 563 1980 certa
586 1914 738 1995 exempla
761 1914 836 1980 aliis
860 1914 1046 1981 nominibus
1068 1916 1281 1998 praebentur,
1306 1935 1440 1998 quorum
1458 1936 1557 1984 accu-

325 2021 469 2088 sativum
504 2021 626 2090 Graeci
661 2044 683 2089 a
717 2022 824 2087 vocali
859 2020 955 2088 linire
990 2023 1114 2090 solent:
1151 2042 1217 2090 vox
1248 2025 1417 2108 Propontis
1449 2032 1557 2092 metro

325 2129 526 2196 satisfacere
557 2148 622 2195 non
653 2129 763 2212 potuit
794 2131 827 2194 in
855 2129 1047 2197 accusativo
1070 2129 1136 2195 nisi
1160 2130 1192 2196 in
1217 2132 1421 2214 synaloephe
1444 2132 1557 2214 posita

325 2237 419 2304 brevi
449 2237 579 2321 syllaba
608 2242 775 2318 sequente.
827 2237 886 2302 sed
916 2255 989 2302 cum
1020 2237 1244 2320 synaloephen
1276 2257 1403 2321 quoque
1435 2245 1555 2322 poetae

325 2344 488 2428 vitarent,
521 2344 624 2411 multo
655 2343 763 2410 rarius
788 2343 920 2410 nomina
941 2343 1031 2410 illius
1054 2345 1187 2429 generis
1210 2343 1246 2410 in
1269 2347 1422 2413 versibus
1446 2347 1556 2416 herois

326 2451 483 2519 adhibere
507 2457 674 2534 poterant.
721 2456 832 2518 tamen
856 2469 1017 2534 persaepe
1040 2451 1088 2517 eis
1112 2451 1195 2518 talia
1219 2451 1350 2518 nomina
1372 2453 1405 2518 in
1430 2451 1556 2521 fabulis

326 2558 465 2627 Graecis
490 2559 716 2641 occurrebant,
741 2559 834 2625 velut
852 2559 1088 2626 Mcedannona
1103 2559 1220 2626 Inlona
1239 2559 1402 2628 Noemona
1416 2561 1556 2630 Imaona

323 2665 452 2734 Areada
475 2666 612 2734 Hectora
635 2667 772 2734 Nestora
787 2666 947 2732 Annam
971 2666 1039 2732 alia
1062 2666 1175 2732 multa.
1208 2665 1322 2749 itaque
1346 2686 1411 2733 non
1435 2667 1554 2735 miram

324 2777 386 2857 est,
412 2773 497 2855 qnod
520 2779 639 2854 poetae
663 2771 696 2837 in
720 2772 860 2856 singulis
884 2772 1069 2840 nominibus
1090 2793 1154 2839 non
1173 2774 1418 2858 examinabant,
1444 2783 1554 2842 utrum

323 2880 447 2947 Latina
469 2879 659 2946 terminatio
683 2878 810 2961 aliquid
833 2879 1026 2946 incommodi
1050 2881 1189 2948 haberet
1213 2899 1327 2965 necne,
1352 2883 1410 2948 sed
1431 2883 1555 2964 ubique

324 2986 472 3055 Graecas
507 2986 758 3054 terminationes
796 2989 991 3068 servabant,
1031 2988 1107 3068 quin
1147 2989 1246 3054 etiam
1286 2989 1553 3057 terminationem

324 3094 486 3162 Graecam
516 3118 551 3162 -a
582 3114 640 3177 per
663 3093 885 3178 synaloephen
909 3113 1110 3162 evanescere
1135 3095 1360 3180 patiebantur,
1392 3103 1431 3163 ut
1455 3097 1553 3164 Ver·

324 3203 448 3287 gilius
470 3203 504 3268 in
526 3201 681 3270 Pallanta
696 3201 781 3268 VIII
796 3202 872 3287 515,
897 3202 930 3268 X
949 3202 1024 3286 504,
1049 3201 1224 3271 Aelaonta
1239 3203 1305 3269 VII
1321 3206 1375 3286 91,
1400 3205 1554 3289 Phyllida

324 3309 765 3393 mfflffimfflm

413 3419 445 3484 4.
476 3417 615 3484 Nomina
638 3435 722 3498 quae
749 3434 870 3500 graece
893 3415 927 3482 in
952 3440 1019 3493 -ας
1041 3417 1195 3502 desinunt
1218 3425 1253 3485 et
1280 3417 1417 3500 primam
1448 3418 1552 3486 decli·

324 3523 488 3591 nationem
512 3523 666 3590 Latinam
691 3531 888 3607 sequuntur,
920 3543 941 3590 a
969 3524 1209 3592 vetustioribus
1240 3525 1290 3592 ita
1312 3525 1345 3591 in
1370 3545 1552 3594 sermonem

324 3632 476 3697 Latinum
503 3631 660 3697 traducta
683 3639 770 3713 sont,
795 3637 833 3696 ot
850 3632 1011 3699 Tiresiae
1031 3630 1203 3721 Τειρεσίας
1225 3632 1331 3714 fieret,
1355 3651 1552 3715 quamquam

322 3762 344 3804 a
382 3739 528 3805 vocalem
566 3743 684 3804 contra
721 3738 880 3804 rationem
921 3739 1055 3821 produci
1092 3740 1268 3821 oportebat
1307 3738 1429 3824 (Lucil.
1458 3741 1551 3826 171).

323 3845 550 3929 Lucretius,
582 3846 667 3927 qnod
698 3845 814 3928 sciam,
845 3845 969 3928 primus
991 3846 1208 3932 Ananayoras
1238 3845 1323 3914 dixit
1347 3847 1550 3915 Graecorum

321 3953 417 4020 modo
459 3952 494 4040 (Ι
533 3952 631 4038 876),
680 3955 765 4034 quod
811 3971 928 4020 nomon
974 3953 1099 4020 Latina
1143 3953 1374 4020 terminatione
1418 3955 1550 4022 minime

323 4067 435 4143 aptum
467 4065 540 4126 erat
570 4060 612 4125 ad
643 4077 773 4126 versum
804 4061 953 4142 heroum,
984 4061 1060 4142 qnia
1090 4067 1159 4127 tres
1189 4060 1222 4126 in
1253 4062 1401 4145 syllabas
1431 4063 1551 4130 breves

322 4167 534 4234 excurrisset.
574 4167 687 4249 itaque
710 4167 774 4234 nisi
797 4167 831 4234 in
855 4167 1059 4250 synaloepha
1082 4167 1192 4250 posita
1215 4167 1248 4234 in
1273 4187 1372 4236 uersu
1396 4169 1550 4236 collocari

321 4293 385 4341 non
409 4275 527 4357 potnit.
577 4274 767 4341 Horatius
799 4274 929 4356 quidem
959 4275 991 4340 in
1024 4276 1227 4342 sermonibus
1256 4277 1390 4361 Marsya
1420 4278 1550 4342 nornine

321 4380 426 4448 latine
449 4380 631 4449 reformato
655 4381 704 4447 uti
728 4389 863 4448 coactus
887 4387 953 4465 est,
985 4400 1054 4447 cum
1078 4382 1237 4466 Marsyas
1256 4381 1366 4448 forma
1390 4383 1548 4450 creticum

321 4488 482 4555 efficeret.
521 4487 749 4572 ·Vergilius
797 4489 922 4571 primns
968 4511 1027 4556 -as
1073 4489 1337 4556 terminationem
1386 4489 1547 4556 Graecam

321 4596 493 4679 permultis
531 4595 612 4662 locis
651 4595 806 4678 retinuit,
846 4615 887 4662 ne
920 4595 1044 4663 Anteae
1079 4615 1193 4662 nomen
1230 4615 1290 4678 per
1324 4597 1547 4680 synaloephen
