3442 5324
645 432 848 532 ...ο-

220 645 334 726 Neque
357 651 467 711 tamen
496 645 675 727 illaquam
700 666 800 728 supra
829 646 927 712 attuli
952 645 1008 732 (cf.
1034 667 1064 728 p.
1083 646 1139 732 49)
1164 648 1236 713 sola
1259 667 1359 714 causa

129 758 311 819 commotus
334 752 512 835 Euripides
540 755 624 820 hanc
651 772 719 820 rem
744 755 805 820 hoc
829 754 882 820 die
906 754 1010 820 denuo
1034 755 1151 837 peragi
1179 753 1272 838 facit,
1302 756 1359 822 sed

128 878 193 940 quc
224 860 376 926 Phaedra
410 862 605 944 adducatur,
642 869 679 928 ut
712 863 748 928 in
778 881 898 928 scaena
931 862 1004 945 ipsa
1035 881 1167 929 oausam
1202 863 1359 930 desiderii

129 967 222 1033 illius
247 967 386 1050 aperiat.

219 1075 284 1142 Sed
309 1075 409 1141 etiam
435 1079 619 1143 morborum
644 1077 800 1159 impetum
826 1077 888 1142 hoc
912 1076 966 1141 die
995 1082 1129 1158 repente
1156 1077 1356 1144 exorientem

126 1180 373 1262 spectatoribus
396 1183 551 1264 proponit
574 1183 623 1249 ita
646 1189 682 1248 ut
705 1184 955 1264 haudquaquam
981 1182 1115 1249 differat
1144 1187 1186 1249 ab
1218 1184 1260 1250 iis
1283 1205 1357 1254 ver-

126 1289 179 1354 bis
205 1289 324 1370 quibus
349 1291 542 1373 ,prologum
569 1291 640 1372 ipse
663 1292 810 1356 morbum
835 1290 927 1356 illurn
951 1290 1017 1355 iam
1041 1310 1100 1371 per
1122 1291 1253 1374 longius
1277 1298 1357 1358 tem-

125 1397 219 1478 poris
245 1396 388 1478 spatium
412 1403 596 1479 serpentem
621 1397 850 1479 descripserat.

218 1513 320 1578 Initio
360 1513 446 1578 enirn
482 1513 634 1579 Orestis
674 1513 808 1580 fabulae
843 1513 978 1580 Electra
1016 1533 1109 1594 quern
1149 1516 1190 1581 ad
1229 1516 1357 1582 modum

124 1623 260 1686 morbus
285 1619 402 1686 fratris
427 1623 584 1703 procedat
606 1621 659 1686 his
683 1621 793 1687 verbis
818 1628 952 1687 enarrat
976 1623 1019 1705 (v.
1038 1621 1199 1708 34-36):

557 1742 655 1833 α’γρίρ
679 1745 850 1822 συντακεὶς
873 1743 958 1830 νόσῳ
982 1752 1073 1812 νοσεῖ

344 1850 475 1940 τλήμων
497 1849 650 1941 Ὀρέστης
674 1849 731 1919 ὅδε
753 1850 864 1918 πεσών
887 1850 915 1918 τ’
939 1851 973 1918 ἐν
997 1852 1145 1937 δεμνίοις

341 1964 447 2026 κεῖται
473 2013 479 2026 .
507 2012 513 2025 .
539 2011 546 2026 .
594 1979 621 2025 e.
639 1978 669 2040 q.
687 1978 712 2026 s.

125 2095 158 2152 θῗ
184 2107 215 2152 V·
234 2086 381 2151 42—45:
771 2103 948 2183 χλανιδίων
971 2099 1001 2170 δ’
1026 2099 1090 2169 ἔσω

342 2209 517 2299 κρυφθείς,
542 2207 634 2276 ὅταν
657 2208 727 2294 μὲν
752 2213 860 2294 σῶμα
883 2214 1086 2300 κουφισθῇ
1110 2209 1243 2289 νόσου,

343 2317 503 2408 ἔμφρων
527 2315 703 2405 δακρύει,
727 2317 824 2384 ποτὲ
848 2316 889 2385 δὲ
913 2318 1082 2402 δεμνίων
1106 2314 1182 2384 ἄπο

343 2427 450 2514 πηδᾷ
473 2428 679 2515 δρομαῖος,
704 2427 833 2502 πῶλος
856 2423 905 2502 ὥς
928 2423 1004 2492 dul
1028 2426 1151 2511 ζυγοῦ.

219 2553 418 2637 Quibuscum
442 2553 552 2619 verbis
583 2553 640 2618 ille
672 2552 812 2633 impetus
842 2552 1032 2633 repentinus
1061 2552 1160 2633 plane
1184 2552 1356 2634 consentit,

124 2681 192 2742 quo
228 2660 362 2726 Orestes
400 2660 433 2725 in
473 2679 594 2725 scaena
631 2659 706 2741 ipsa
740 2659 1025 2727 vehementissime
1064 2657 1237 2740 affligitur.
1291 2659 1357 2726 Ubi

124 2769 270 2851 primum
303 2767 388 2832 enim
420 2766 454 2832 in
485 2785 605 2832 scaena
633 2767 802 2848 apparuit,
835 2767 987 2832 immotus
1018 2766 1053 2830 in
1083 2773 1188 2831 strato
1219 2767 1356 2848 dormit;

123 2877 188 2942 vix
210 2881 319 2940 autem
348 2892 501 2940 esomno
527 2880 737 2955 experrectus
761 2879 824 2955 est,
854 2891 926 2938 cum
949 2872 1236 2939 vehementissimo
1260 2873 1357 2938 Furi-

123 3000 221 3047 arum
258 2981 380 3062 impetu
418 2980 565 3063 agitatus
602 2980 745 3047 hominis
781 2981 888 3047 instar
921 2978 1032 3045 insani
1063 2981 1103 3045 de
1133 2980 1218 3044 lecto
1250 2979 1357 3061 surgit

124 3097 228 3170 atque
263 3087 413 3168 quamvis
448 3088 584 3154 Electra
618 3093 655 3153 ut
689 3107 761 3153 eum
797 3088 941 3154 retineat
974 3106 1107 3169 operam
1143 3088 1211 3168 det,
1248 3094 1356 3152 tamen

123 3204 231 3263 totam
255 3214 407 3262 scaenam
431 3194 595 3278 percurrit
581 3195 675 3282 tei(
700 3215 731 3261 v
750 3196 815 3262 260
827 3194 899 3280 sq)

218 3311 258 3377 In
287 3312 505 3396 Hippolyto
536 3329 613 3379 vero
645 3317 772 3377 tantum
800 3314 961 3392 abest,u
962 3309 1217 3392 tEuripides'
1208 3330 1243 3374 m
1271 3311 1357 3376 desi-

125 3419 222 3486 derio
252 3419 462 3486 Phaedrae
453 3437 519 3484 ram
548 3425 650 3500 pert
636 3419 781 3484 triduum
809 3419 882 3483 cibo
914 3417 999 3482 abst
976 3423 1080 3482 ttrnen
1082 3418 1111 3482 is
1067 3418 1357 3483 tdescribendo

124 3527 372 3608 acquiescere
351 3529 557 3592 utmorbum
580 3525 674 3591 illum
697 3525 759 3591 hoc
782 3525 835 3590 die
858 3524 963 3590 denuo
988 3524 1111 3589 exoriri
1138 3523 1250 3590 faciat.

218 3633 332 3715 Neque
364 3634 471 3699 minus
504 3635 538 3698 in
570 3633 693 3698 fabulis
724 3632 916 3713 Euripideis
949 3649 1044 3712 quarn
1075 3631 1330 3714 Sophocleisc
1299 3631 1355 3718 (cl

125 3763 158 3826 p.
178 3741 296 3826 resq.)
319 3739 359 3806 fit
392 3747 429 3805 ut
455 3741 629 3806 homines
658 3760 699 3805 eo
730 3741 816 3822 ipso
841 3740 905 3805 die
935 3741 979 3804 de
1007 3739 1060 3804 iis
1088 3741 1205 3804 rebus
1233 3738 1357 3804 collo-

127 3854 313 3931 quuntur,
339 3867 447 3929 quas,
472 3847 506 3912 si
529 3866 598 3929 per
625 3865 686 3912 res
710 3847 916 3912 scaenicas
940 3845 1138 3928 licuisset,
1163 3845 1257 3911 illos
1281 3846 1356 3911 iam

127 3955 280 4037 pridem
312 3953 567 4036 expedituros
603 3953 729 4020 fuisse
765 3973 810 4019 ex
845 3953 1003 4019 actione
1035 3953 1124 4035 ipsa
1156 3952 1357 4018 conicien-

128 4063 214 4128 dum
238 4068 305 4128 est.

219 4171 311 4254 Quae
339 4189 392 4236 res
415 4168 467 4234 his
490 4169 573 4234 locis
596 4169 818 4235 confirmatur.
858 4167 1062 4248 Simulatque
1090 4168 1176 4232 enim
1205 4167 1275 4233 dies
1299 4169 1356 4233 ad-

129 4279 223 4346 venit
257 4296 320 4358 quo
350 4277 512 4342 Admeto
550 4277 751 4342 moriendum
787 4283 871 4357 erat,
909 4280 985 4341 ante
1018 4293 1129 4340 omnes
1167 4280 1293 4354 patrem
1325 4280 1357 4338 et

129 4391 267 4451 matrem
291 4384 430 4466 adierat,
455 4389 492 4449 ut
514 4404 573 4466 pro
597 4403 632 4449 se
656 4391 793 4449 mortem
816 4383 947 4449 obirent
970 4381 1055 4466 (Alc.
1080 4402 1110 4447 v.
1132 4381 1287 4461 15-18);

344 4507 494 4586 πάντας
517 4506 546 4574 δ
570 4507 730 4593 ἐλέγξας
752 4532 816 4574 και
841 4504 1058 4636 διεξελδιιν
1082 4505 1237 4593 φίλους,

344 4615 496 4706 πατέρα
519 4614 779 4705 γεραιιίιδ1
765 4611 784 4678 i'
809 4613 871 4704 σφ’
896 4613 1023 4680 ίίικσε
1046 4611 1210 4701 μητέρα,

1216 4739 1249 4792 4*
