3496 5310
956 420 999 488 34

365 631 481 720 'gilium
505 635 539 702 in
561 633 670 703 Athon
693 635 878 718 corripitur.
926 655 965 702 ao
988 637 1083 704 multi
1106 636 1235 718 qudem
1259 635 1322 703 viri
1346 635 1435 703 docti
1460 655 1594 720 magno·

367 763 446 826 pere
469 762 600 827 operam
625 744 794 821 dederunt,
820 751 856 811 ut
872 749 930 810 aut
947 745 1170 826 emendarent,
1196 744 1282 825 quod
1298 744 1414 811 vitium
1430 745 1594 826 potabant

367 870 442 918 esse
477 851 671 932 scribarum,
708 857 767 918 aut
800 851 979 934 Vergilium
1019 852 1123 936 ipsum
1161 871 1227 918 non
1266 852 1337 918 sine
1376 850 1512 918 consilio
1545 852 1595 917 ita

366 958 539 1041 scripsisse
567 959 769 1042 argumentis
792 959 1032 1028 confirmarent.
1080 959 1236 1027 Heinsius
1261 979 1278 1026 e
1303 959 1472 1027 Theocriti
1494 979 1593 1026 versu

369 1066 435 1132 VII
460 1069 517 1134 77:

526 1170 589 1240 ‘’*H
599 1171 696 1241 ”Ado
720 1169 740 1262 ἢ
762 1171 922 1242 ‘Poddncv
946 1170 965 1263 ἢ
987 1172 1165 1242 Καύκασον
1189 1171 1406 1256 ἐσχατόωντα’

456 1301 540 1369 Atlio
556 1301 763 1368 scribendum
781 1319 852 1367 esse
869 1301 1011 1367 coniecit
1026 1323 1043 1369 o
1060 1301 1168 1369 vocali
1180 1308 1259 1367 ante
1270 1301 1416 1368 vocalem
1429 1307 1593 1384 correpta.

364 1426 472 1489 neque
502 1409 621 1475 desunt
649 1409 798 1490 exempla
831 1409 948 1490 quibus
981 1408 1116 1491 probari
1150 1408 1257 1490 possit
1286 1409 1469 1490 Vergilium
1508 1410 1595 1475 tales

366 1516 499 1584 vocales
524 1516 640 1600 longas
664 1515 859 1599 corripuisse
884 1521 964 1582 ante
987 1516 1130 1596 vocales,
1155 1517 1249 1582 velut
1276 1516 1301 1580 V
1325 1518 1405 1582 261:

549 1638 656 1709 ‘nidor
679 1643 767 1726 opnd
788 1643 938 1726 rapidum
962 1643 1122 1708 Simoenta
1145 1649 1200 1709 ont
1223 1641 1284 1708 Ilio
1308 1637 1392 1708 olto‘.

455 1767 519 1834 Sed
544 1775 578 1833 et
602 1766 828 1833 accusativum
854 1766 964 1848 quiin
990 1789 1022 1832 -o
1045 1765 1127 1848 exit,
1158 1785 1295 1850 perraro
1319 1765 1497 1832 admissum
1522 1785 1596 1832 esse

255 1885 258 1888 ’
367 1873 635 1956 supradiximus
660 1882 694 1940 et
717 1874 861 1940 codicum
888 1873 1112 1940 testimonium
1137 1873 1231 1940 nihili
1248 1872 1443 1955 taceremne,
1468 1875 1495 1939 si
1511 1874 1595 1941 Arno

366 1981 595 2050 scriberemus.
644 1983 784 2063 accedit,
810 1982 894 2064 qnod
920 1981 1058 2048 nominis
1083 1983 1167 2063 quod
1186 1987 1237 2046 est
1256 1982 1352 2050 Totos
1369 1982 1595 2048 accusativum

363 2089 531 2173 Vergilius
567 2091 679 2156 eodem
719 2089 813 2155 modo
855 2089 957 2157 Talon
994 2089 1095 2156 flexit.
1156 2089 1295 2171 donique
1334 2089 1399 2156 iam
1439 2090 1595 2156 Valerius

364 2197 508 2264 Flaccus
533 2197 562 2283 (I
587 2197 665 2284 164)
694 2198 727 2263 in
752 2217 811 2263 suo
835 2197 962 2280 Vergili
994 2199 1105 2264 codice
1127 2198 1235 2264 Athon
1265 2197 1423 2281 scriptum
1454 2198 1596 2280 invenit,

366 2323 437 2370 cum
460 2305 542 2371 illud
566 2305 794 2388 Vergilianum
816 2305 867 2371 ita
890 2305 987 2372 citet:

686 2409 753 2480 ‘ato
776 2411 879 2479 Alton
903 2421 958 2480 ont
980 2413 1154 2496 Rhodopen
1177 2463 1184 2478 .
1210 2463 1218 2478 .
1244 2409 1263 2477 .‘

455 2539 537 2604 Nam
562 2537 648 2603 hunc
671 2556 802 2605 versum
826 2557 844 2604 e
866 2538 1014 2622 Vergilio
1038 2557 1229 2621 expressum
1254 2555 1326 2604 esse
1349 2544 1453 2620 petet.
1491 2557 1530 2604 ac
1554 2557 1599 2605 ne

367 2643 543 2728 Forbigeri
573 2646 701 2727 quidem
733 2646 901 2712 sententia
933 2647 982 2728 (in
1008 2652 1089 2712 nota
1114 2647 1154 2712 sd
1178 2646 1263 2710 hunc
1286 2664 1419 2712 versum
1441 2646 1597 2730 prolata)

366 2753 537 2835 probanda
560 2760 620 2835 est,
646 2753 700 2836 qui
725 2754 926 2837 Wagnerum
951 2761 1084 2821 secutus
1109 2755 1170 2820 hoc
1187 2755 1280 2820 modo
1296 2754 1438 2836 probare
1454 2759 1599 2820 conatus

366 2867 417 2928 est
440 2861 547 2926 Athon
569 2881 628 2944 pro
651 2863 769 2929 Atium
791 2862 932 2944 positum
957 2881 1044 2928 esse:

456 2965 612 3054 ‘Wagner
639 2976 802 3052 praetereo
828 2977 979 3053 provocat
1010 2972 1053 3037 od
1081 2969 1184 3036 Servii
1210 2969 1379 3049 oilardum,
1408 2971 1599 3052 praescitor

366 3097 435 3142 cnm
451 3078 481 3142 is
504 3075 580 3142 Aen.
609 3076 685 3142 XII
711 3083 772 3144 701
789 3077 902 3144 dison
917 3080 1024 3144 docent
1039 3077 1138 3145 Atdos
1153 3079 1188 3142 in
1205 3079 1324 3143 brevem
1340 3079 1424 3143 entre
1439 3077 1600 3162 syllabam

367 3185 542 3250 concinente
565 3183 735 3252 Prdsciono
760 3192 813 3250 oto
816 3237 957 3251 .....
1005 3186 1161 3268 Equidem
1184 3204 1255 3250 vero
1279 3207 1313 3250 co
1333 3186 1439 3250 mitons
1454 3185 1602 3251 dubitaui

367 3292 507 3358 codicnrn
538 3291 692 3358 lectionem
723 3295 892 3374 restituere,
927 3315 996 3359 cnm
1031 3293 1187 3360 &cecam
1210 3293 1356 3376 fonnem
1387 3291 1493 3358 Athon
1522 3297 1600 3374 (pro

367 3398 517 3466 Romano
540 3399 656 3466 Addunt
682 3453 687 3465 .
714 3451 721 3464 .
748 3403 772 3486 .)
803 3422 867 3466 non
898 3402 1000 3467 solnm
1030 3403 1116 3484 opnd
1138 3401 1295 3484 pedestris
1318 3400 1474 3466 orationis
1496 3401 1602 3482 sonp-

367 3514 449 3574 torcs
479 3509 534 3574 sed
565 3509 658 3574 etiam
691 3509 779 3592 opud
802 3517 914 3591 poetas
938 3511 1057 3575 codices
1080 3504 1246 3575 tncontnr‘.
1295 3507 1444 3572 Servium
1474 3525 1602 3572 avero

368 3614 466 3696 longe
496 3617 682 3700 aberrasse,
718 3635 788 3681 cum
821 3617 959 3682 adnotet
983 3615 1065 3702 (XII
1089 3617 1167 3702 701)
1191 3611 1325 3681 ‘Allonz
1357 3615 1433 3681 doec
1454 3622 1500 3681 est
1522 3637 1602 3680 vero

368 3723 464 3790 lectio.
510 3744 587 3790 nom
610 3725 640 3790 si
663 3723 765 3792 Arios
789 3725 908 3810 legeris,
933 3725 1034 3791 brevis
1050 3731 1095 3790 est
1110 3731 1138 3790 et
1152 3745 1262 3790 uersus
1277 3743 1341 3788 non
1356 3717 1429 3790 stot‘
1454 3721 1603 3788 emultis

368 3830 443 3897 aliis
468 3831 618 3897 versibus
643 3832 796 3915 cognosci
819 3838 939 3915 potest,
965 3834 998 3897 in
1023 3833 1140 3914 quibus
1165 3831 1295 3898 nomina
1319 3849 1402 3914 quae
1419 3848 1539 3913 graece
1564 3829 1602 3896 in

368 3961 440 4014 -ως
463 3938 627 4022 desinunt,
652 3940 783 4024 longam
808 3941 953 4006 vocalem
977 3945 1156 4007 servarunt
1180 3945 1229 4006 ut:

419 4063 452 4128 X
477 4063 557 4130 250:
582 4060 677 4131 ‘Tros
700 4065 911 4132 Anchisiades
934 4116 941 4131 .
968 4115 975 4131 .
1002 4061 1021 4131 .'

419 4171 455 4236 H
478 4171 558 4237 371:
583 4167 780 4258 ‘Androgeos
803 4175 894 4257 offert
915 4173 1007 4239 nobis
1030 4174 1117 4239 socio
1140 4174 1269 4257 agmina
1295 4224 1301 4239 .
1327 4224 1333 4237 .
1362 4168 1380 4236 .’

406 4278 454 4343 VI
478 4279 557 4345 432:
583 4276 753 4363 ‘quaesitor
775 4280 887 4347 Minos
910 4303 1025 4348 ornam
1047 4287 1146 4346 rnooet
1170 4333 1177 4346 .
1204 4331 1210 4344 .
1237 4275 1256 4344 .‘

459 4404 641 4488 Vergilium
665 4405 769 4488 igitur
793 4407 827 4473 in
857 4428 910 4474 -os
941 4406 1174 4474 terminatione
1199 4405 1291 4471 brevi
1316 4410 1443 4471 tantum
1468 4404 1602 4486 syllaba

369 4531 461 4578 usum
475 4531 547 4578 esse
563 4514 652 4579 nullo
669 4515 762 4580 modo
778 4515 912 4597 probari
925 4523 1034 4598 potest
1048 4533 1151 4596 neque
1168 4513 1237 4580 XII
1254 4513 1315 4579 701
1336 4511 1436 4579 Altos
1446 4511 1599 4580 offendit:

605 4617 753 4704 ‘grannius
776 4623 879 4690 Athos
902 4630 957 4690 ant
979 4630 1116 4705 quantus
1138 4623 1234 4705 Eryce
1259 4675 1265 4688 .
1291 4671 1298 4686 .
1325 4616 1344 4686 .'
