3462 5312
734 426 867 524 ¹31„

239 639 395 722 Hesperos
435 659 550 704 nomen
591 647 641 706 est
675 640 805 718 stellae
842 641 928 721 quod
964 639 1090 704 Graece
1126 638 1321 703 terminatur
1357 659 1376 704 a

148 745 286 812 Manilio
316 747 350 830 (Ι
377 746 456 833 178)
497 747 692 812 Germanico
722 747 781 832 (fr.
808 748 854 815 lV
873 747 931 832 74)
970 746 1077 812 Statio
1108 745 1201 831 (Silv.
1227 744 1260 810 ΙΙ
1285 746 1316 826 6,
1333 745 1375 812 37

148 853 427 938 rheumam).
474 853 595 919 Latine
624 860 732 919 autern
764 854 834 919 exit
864 855 951 937 apud
979 853 1135 920 Senecam
1164 851 1377 919 Columellam

148 961 275 1026 Aetnae
304 967 470 1026 auctorem
494 951 608 1027 Silium
634 961 796 1026 italicum.
844 961 953 1027 Huius
980 966 1098 1042 poetae
1121 959 1319 1025 Punicorum
1342 959 1377 1024 in

148 1087 246 1135 versu
270 1067 320 1133 XI
338 1069 401 1134 268
425 1068 534 1134 codS
557 1072 695 1150 praebet
718 1069 981 1134 terminationem
999 1090 1058 1150 -οε,
1082 1073 1191 1133 tamen
1214 1066 1377 1149 Hesperos

148 1175 354 1242 scribendum
379 1195 449 1242 esse
466 1181 543 1258 puto
561 1176 647 1242 elcut
667 1176 735 1242 XII
751 1177 826 1258 647,
852 1195 923 1242 cum
941 1177 1071 1243 Graeca
1089 1175 1196 1240 forma
1219 1173 1377 1256 Hesperos

148 1284 236 1364 apud
259 1282 376 1349 Silium
402 1303 517 1348 nomen
541 1283 586 1349 sit
610 1283 771 1351 Gaditani
794 1284 961 1350 cuiusdam
987 1282 1082 1369 (XVI
1103 1282 1178 1364 465,
1196 1283 1271 1362 491,
1288 1281 1376 1363 520),

147 1389 241 1456 cuius
272 1391 412 1456 nominis
444 1391 667 1458 accusativum
698 1410 825 1472 quoque
850 1391 977 1457 Graece
1007 1389 1188 1456 declinavit
1214 1388 1377 1471 Hesperon

147 1497 229 1566 XVI
254 1497 319 1564 504
350 1504 384 1563 et
415 1499 489 1562 511.
537 1498 660 1563 Seneca
691 1505 799 1564 autem
835 1499 869 1563 in
898 1497 1154 1580 Agamemnonis
1183 1515 1281 1563 versu
1312 1496 1372 1561 821

147 1605 284 1686 scripsit
307 1605 499 1688 Hesperum,
529 1623 624 1686 quam
650 1604 843 1671 Latinorum
867 1605 1030 1671 rationem
1055 1611 1087 1670 et
1114 1606 1149 1670 in
1173 1603 1376 1670 nominativo

148 1712 356 1778 terminando
381 1731 453 1777 eum
477 1718 622 1778 secutum
647 1731 718 1778 esse
742 1731 842 1793 supra
867 1712 1017 1778 vidimus.

239 1820 395 1885 Latinum
425 1819 661 1885 nominativum
686 1819 855 1886 Parnasos
884 1819 1025 1902 legimus
1056 1821 1143 1902 apud
1166 1819 1283 1885 Silium
1309 1819 1376 1884 Ita-

147 1927 250 1992 licum
278 1925 353 2012 (XV
371 1925 449 2012 311)
480 1934 513 1992 et
542 1927 684 1993 Statium
716 1927 829 2012 (Theb.
855 1927 988 2012 1118),
1022 1929 1185 1995 Graecum
1213 1927 1379 1993 Parnasos

148 2035 237 2114 apud
270 2034 425 2100 Senecam
455 2034 546 2119 (Oed.
566 2033 643 2128 281)
655 2033 678 2120 ¹)
712 2041 745 2100 et
776 2035 945 2100 Lucanum
976 2034 1043 2118 (ΙΙΙ
1069 2036 1141 2114 173,
1167 2035 1195 2100 V
1220 2035 1377 2116 72131),

148 2142 207 2206 sed
231 2140 380 2206 omnibus
411 2141 463 2206 his
491 2141 573 2206 locis
596 2141 745 2207 nonnulli
770 2142 899 2222 quidem
929 2143 1058 2209 codices
1080 2142 1237 2207 Latinam
1266 2142 1378 2208 termi-

148 2247 317 2314 nationem
341 2252 509 2330 praebent.
550 2248 770 2314 Accusativus
788 2250 915 2316 Graece
938 2247 1042 2315 flexus
1065 2249 1252 2331 postulatur
1268 2249 1377 2315 vocali

148 2355 335 2436 insequenti
371 2355 405 2420 in
440 2356 527 2421 Stati
558 2356 737 2421 Thebaidis
772 2376 870 2423 versu
901 2357 1055 2424 v11346
1094 2362 1127 2422 et
1166 2357 1199 2421 ln
1234 2356 1377 2423 Senecae

148 2463 281 2530 senario
304 2463 425 2529 Phoen.
455 2465 532 2528 129:

408 2572 521 2654 quique
544 2572 622 2637 Elio
645 2579 672 2638 et
695 2571 866 2639 Poroosou
889 2579 918 2638 ol
941 2573 1097 2640 Boeotios.

148 2678 263 2759 Neque
293 2678 400 2744 miuus
432 2679 619 2744 necessaria
641 2679 765 2745 Latina
795 2680 892 2745 huius
922 2697 1018 2745 cesus
1048 2679 1156 2745 forma
1187 2684 1236 2744 est
1267 2679 1300 2743 in
1328 2697 1379 2744 se-

148 2786 246 2852 nario
269 2785 413 2851 Phaedri
437 2788 505 2852 lab.
522 2786 646 2851 Perott.
672 2787 702 2868 6,
721 2788 756 2850 2;

368 2893 429 2975 Qui
451 2893 591 2976 Delphos
615 2901 643 2960 er
657 2894 841 2976 formosum
865 2894 1048 2960 Parnasum
1073 2895 1183 2960 incolis

148 3007 286 3082 propter
310 3000 480 3066 elisionem
503 3007 670 3066 structura
693 3019 808 3068 versus
831 3001 1041 3083 postulatam.

240 3108 389 3174 Bocchus
413 3127 433 3172 a
456 3107 563 3173 Statio
589 3109 702 3194 (Theb.
725 3109 772 3177 IV
790 3110 854 3173 739
877 3110 958 3174 Aah.
978 3109 1089 3191 1616)
1113 3109 1241 3174 Eudios
1265 3106 1378 3189 appel-

148 3215 248 3296 latur,
284 3215 408 3280 Eudios
443 3233 463 3280 a
493 3215 674 3281 Columella
704 3217 737 3281 X
760 3217 834 3280 424.
883 3216 994 3281 Etiam
1027 3215 1252 3282 accusativum
1284 3215 1380 3280 huius

12 3391 17 3415 k
149 3322 292 3388 nominis
316 3330 349 3387 et
365 3322 492 3388 Graece
509 3329 542 3388 et
559 3323 677 3388 Latine
695 3322 893 3388 declinatum
917 3323 1109 3389 invenimus.
1150 3322 1233 3389 Nam
1251 3322 1380 3388 Euhion

149 3431 239 3512 apud
277 3430 425 3496 Persium
461 3430 566 3495 1102
610 3430 717 3496 vocali
757 3431 948 3511 insequente
992 3430 1192 3512 postulatur,
1237 3430 1380 3496 Euhium

148 3537 326 3602 Petronius
351 3536 486 3619 scripsit
509 3536 544 3601 in
567 3535 713 3618 pedestri
737 3555 885 3602 sermone
909 3538 961 3618 41,
980 3537 1009 3618 6,
1027 3568 1050 3606 2.

240 3643 332 3709 Haec
356 3651 511 3725 quattuor
540 3651 616 3709 sunt
645 3643 792 3726 nomina,
824 3663 907 3724 quae
936 3652 969 3709 et
992 3645 1026 3710 iu
1051 3645 1253 3710 nominativo
1285 3644 1380 3710 etin

149 3751 340 3818 accusativo
375 3751 429 3818 vel
464 3751 583 3816 Latine
618 3750 671 3820 vel
707 3752 833 3819 Graece
870 3753 1054 3818 flectuntur.
1108 3752 1295 3833 Sequuntur
1330 3770 1377 3832 ea,

150 3877 286 3940 quorum
311 3859 533 3926 nominativus
558 3859 647 3924 solus
672 3864 722 3923 est
751 3859 905 3924 incertus.
954 3860 1003 3924 Ac
1026 3859 1166 3941 primum
1191 3859 1321 3939 quidem
1345 3858 1379 3922 in

150 3967 204 4032 his
227 3973 304 4033 sunt
326 3965 498 4048 nonnulla,
527 3985 670 4047 quaese
693 3965 853 4048 duplicem
884 3966 1086 4032 intellectum
1110 3966 1231 4031 habere
1254 3964 1379 4046 duplici

149 4073 348 4140 nominativi
372 4073 602 4139 terminatione
626 4073 783 4138 indicant.

241 4181 296 4247 Sic
320 4187 370 4246 est
395 4178 517 4264 Cpruos
538 4179 662 4265 (Senec.
681 4181 783 4262 epigr.
802 4179 886 4262 112)
908 4181 1070 4247 Graecum
1094 4198 1209 4245 nornen
1226 4179 1380 4246 Corsicae

151 4288 279 4353 insulae
290 4285 324 4372 ²),
351 4287 478 4370 Cyrnus
502 4293 610 4352 autem
634 4287 706 4371 (Sil.
722 4287 761 4352 lt.
780 4288 861 4355 XVI
877 4287 955 4371 342)
977 4306 1092 4352 nomeu
1109 4286 1261 4368 Hispani,
1286 4286 1379 4352 cuius

151 4394 361 4460 accusativus
385 4399 435 4460 est
460 4394 598 4478 Cproum
623 4395 717 4480 (XVI
740 4395 827 4480 396).

244 4571 262 4641 ¹)
283 4571 325 4628 CI.
346 4587 404 4640 cap.
424 4571 502 4641 1115
522 4573 585 4640 9,1.

245 4662 264 4730 1)
284 4661 326 4716 Cf.
346 4677 403 4730 cap.
423 4661 453 4716 ΙΙ
470 4662 487 4731 S
505 4662 569 4730 8,1.
