3442 5324
754 401 795 466 75

164 637 229 698 qua
252 617 386 683 fabulae
414 636 492 698 pars
521 617 563 682 ad
587 616 765 684 tentorium
788 616 931 684 Achillis
960 622 1183 698 perageretur.
1231 616 1388 698 Quodne

162 726 302 806 accidat,
327 724 585 807 Clytaemestrae
608 725 690 790 haec
713 725 883 806 quaerenti
908 723 1219 808 (v.1025-1027):

377 845 415 936 ἢν
438 844 468 913 δ’
491 839 534 913 αὖ
556 873 589 914 τι
612 845 657 937 μὴ
680 845 882 935 πράσσωμεν
905 837 951 912 ὧν
974 844 1035 932 ἐγω
1059 844 1159 925 θέλω,

375 958 442 1021 ποῦ
466 952 495 1021 o'
518 947 620 1032 adilae
643 952 844 1041 dulgentia,-
874 960 936 1021 ποῖ
957 951 1019 1043 χρὴ
1042 951 1076 1036 μ’
1099 951 1224 1020 α’δλίαν

377 1061 543 1129 ἐλθοῦσαν
566 1059 676 1151 εὑρεῖν
700 1062 759 1151 σὴν
783 1059 853 1150 χέρ’
877 1060 1052 1149 ἐπίκουρον
1074 1063 1199 1137 κακῶνς

162 1188 310 1254 Achilles
333 1189 509 1270 respondet
532 1187 799 1274 (v.1028-31):

378 1311 472 1400 ἡμεῖς
496 1336 532 1379 σε
556 1310 700 1402 φύλακες
724 1301 764 1379 οὗ
787 1310 891 1401 χρεων
914 1308 1114 1400 φυλάξομεν,

375 1418 425 1508 μή
448 1418 509 1496 τίς
533 1416 562 1486 o’
578 1420 648 1508 ἴδῃ
673 1419 909 1500 στείχουσαν
933 1417 1177 1507 ἐπτοημένην

376 1530 538 1592 Δαναῶν
562 1525 615 1593 δι’
639 1523 773 1608 ὄχλου·
806 1525 905 1615 μηδὲ
928 1529 1110 1616 πατρῷον
1133 1524 1253 1609 δόμον

377 1631 536 1715 αἴσχυν’.

252 1761 357 1843 Quam
388 1779 519 1826 causam
550 1761 680 1826 inanem
709 1761 818 1825 fictam
849 1779 920 1826 esse
948 1763 1103 1842 aposta,
1135 1763 1172 1824 ut
1200 1758 1323 1824 Achilli
1354 1759 1388 1822 in

163 1869 298 1933 eundem
323 1868 429 1934 locum
459 1867 566 1934 redire
589 1868 714 1950 liceret,
745 1868 894 1948 quamvis
922 1867 1162 1950 Clytaemestra
1193 1866 1266 1948 ipsa
1296 1865 1389 1931 illum

163 1973 257 2040 edire
282 1975 424 2056 deberet,
450 1974 522 2055 quis
547 1980 597 2041 est
620 1975 677 2056 qui
700 1975 897 2057 negaverit?

254 2081 345 2164 Quae
375 2081 443 2147 alia
473 2089 605 2148 exstant
636 2082 786 2164 exempla
817 2081 967 2168 (Helen.
993 2081 1058 2147 825
1071 2100 1118 2162 sq.
1144 2088 1177 2146 et
1204 2080 1286 2163 Iph.
1304 2079 1387 2145 Aul.

163 2191 228 2256 801
242 2187 305 2274 sq.)
328 2190 516 2255 accuratius
539 2195 685 2256 tractare
708 2190 914 2272 supersedeo.

254 2439 415 2523 Quoniam
453 2438 676 2506 intelleximus
716 2439 750 2504 in
784 2437 956 2520 Euripidis
995 2438 1119 2505 fabulis
1158 2459 1315 2522 personas
1354 2439 1389 2504 in

162 2547 268 2612 locum
294 2565 314 2611 a
336 2549 434 2611 rebus
458 2545 540 2628 ipsis
564 2545 761 2628 peragendis
785 2546 1022 2612 alienissimum
1045 2547 1192 2629 prodire,
1219 2547 1389 2612 dummodo

163 2674 222 2720 our
253 2654 316 2719 huc
348 2653 558 2735 pervenerint
590 2653 717 2733 aliquid
748 2655 923 2736 proferant
952 2673 1085 2736 causae,
1119 2653 1185 2719 iam
1217 2658 1322 2718 restat
1353 2659 1391 2719 ut

162 2760 415 2845 perspiciamus
451 2779 512 2841 quo
548 2761 642 2826 modo
675 2760 852 2843 Euripides
892 2780 1003 2827 unum
1038 2761 1149 2827 illum
1184 2761 1308 2827 locum
1343 2760 1391 2825 ad

162 2887 225 2935 res
250 2869 358 2950 ipsas
382 2868 553 2950 agendas
577 2868 938 2934 accommodaverit.

252 2977 292 3041 In
321 2976 471 3041 Helena
501 2976 586 3040 enim
610 2975 787 3058 Euripides
818 2976 881 3041 duo
912 2975 986 3041 loca
1015 2975 1103 3042 inter
1131 2993 1167 3041 se
1197 2981 1324 3041 secreta
1354 2975 1388 3039 in

164 3103 261 3148 unum
286 3081 467 3148 contraxit:
500 3081 684 3163 sepulcrum
707 3081 834 3165 Protei,
860 3101 922 3163 quo
947 3082 1074 3148 Helena
1098 3081 1263 3164 confugit,
1291 3088 1390 3162 atque

164 3190 291 3272 regiam
330 3188 571 3272 Theoclymcni.
633 3189 746 3269 Neque
790 3189 876 3254 enirn
914 3189 1015 3256 moris
1056 3190 1173 3272 luisse,
1220 3195 1257 3254 ut
1293 3208 1390 3270 reges

164 3297 403 3382 Aegyptiorum
427 3303 504 3362 onte
520 3296 645 3378 regiam
662 3296 768 3378 ipsam
784 3296 1005 3379 humarentur,
1030 3296 1141 3363 verbis
1157 3295 1389 3380 Theoclymeni

165 3404 383 3486 intellegitur,
416 3403 471 3483 qui
502 3422 537 3468 se
567 3403 629 3468 hec
657 3404 697 3468 de
719 3423 820 3469 eausa
847 3409 975 3485 patrem
1004 3403 1066 3470 hoc
1094 3404 1166 3486 ipso
1196 3404 1269 3469 loco
1298 3421 1389 3484 sepe-

163 3511 278 3578 livisse
301 3511 384 3577 dicit
407 3510 450 3597 (v.
471 3511 674 3595 moueat:

750 3596 802 3664 ἐπ’
826 3596 970 3683 ἐξόδοισι
992 3596 1054 3688 γὰρ

378 3703 507 3794 ἔθαψα,
533 3711 682 3796 Πρωτεῦ,
707 3705 737 3773 o'
760 3704 853 3773 ἕνεκ’
876 3705 970 3795 ἐμῆς
993 3705 1266 3796 προσρήσεως·

378 3809 440 3878 αἰεὶ
465 3811 505 3880 δὲ
530 3811 559 3878 α’
582 3811 696 3897 ἐξιών
718 3838 760 3880 τε
782 3811 943 3880 κείσιών
966 3811 1113 3898 δόμους

381 3917 649 4004 Θεοκλύμενος
671 3926 766 3998 παῖς
789 3919 854 3987 doe
878 3919 1156 4010 προσεννέπει,
1180 3919 1314 4009 πάτερ.

253 4047 378 4112 Eadem
401 4045 531 4112 ratione
554 4045 732 4128 Euripides
760 4065 917 4129 personas
946 4047 1103 4114 interiore
1127 4049 1220 4114 domo
1249 4051 1388 4129 amovet,

165 4173 258 4234 quae,
284 4153 313 4219 si
330 4154 418 4219 intus
435 4158 554 4235 essent,
579 4172 620 4218 ne
643 4159 720 4219 ante
744 4154 871 4219 domum
895 4174 948 4220 res
972 4161 1150 4236 agerentur
1172 4153 1390 4235 impediturus

166 4267 283 4327 essent.

254 4367 290 4433 Si
318 4367 403 4432 enim
427 4367 699 4450 Theoolymenus,
732 4368 979 4435 inimicissimus
1004 4369 1061 4434 ille
1086 4369 1233 4450 Graccis,
1263 4367 1390 4450 regiam

165 4474 271 4557 ipsam
301 4474 474 4558 tenuisset,
503 4475 577 4540 ficri
605 4495 669 4541 non
697 4476 859 4558 potuisset
887 4482 923 4541 ut
948 4477 1115 4542 Menelaus
1140 4482 1173 4541 et
1196 4476 1324 4542 Helena
1348 4476 1390 4540 ad

166 4581 291 4665 regiam
319 4600 483 4649 sermones
514 4583 602 4648 inter
631 4602 703 4649 sese
732 4589 954 4664 consererent,
987 4584 1104 4663 quibus
1135 4583 1307 4650 fraudibus
1337 4583 1391 4650 usi
