3442 5324
932 429 974 492 46

430 640 493 718 Sed
516 659 557 706 ne
580 641 687 706 altera
710 640 840 722 quidem
871 641 1006 708 fabulae
1029 649 1124 724 parta
1151 643 1238 708 alius
1262 642 1333 708 dies
1361 643 1565 726 postulatur3

339 767 443 828 neque
467 747 552 813 enim
569 748 705 814 Hecuba
729 767 800 813 cum
817 749 1060 831 Agamemnone
1084 749 1247 816 collocuta
1270 752 1310 816 de
1325 769 1446 817 scaena
1469 751 1565 832 abiit,

339 874 410 921 cum
438 854 689 938 Polymestore
717 854 862 921 Thracia
888 857 1067 922 arcessitus
1098 857 1233 923 advenit
1262 857 1378 938 illique
1405 858 1566 924 scelerum

338 963 584 1029 commissorum
607 981 729 1044 poenas
752 963 921 1044 persolvit.

426 1070 540 1150 Neque
563 1088 640 1136 vero
665 1068 738 1134 fieri
761 1070 859 1152 solet,
888 1077 925 1136 ut
948 1071 1019 1152 ipso
1043 1071 1180 1153 prologo
1204 1071 1431 1155 intellegatur,
1461 1091 1565 1153 quan-

337 1185 405 1243 tum
429 1176 586 1259 temporis
610 1176 753 1258 spatium
777 1177 863 1242 actio
891 1177 1023 1244 fabulae
1046 1179 1256 1260 complexura
1279 1179 1341 1263 sit;
1373 1180 1565 1261 plerumque

339 1284 424 1350 enim
444 1303 498 1350 ras
521 1283 590 1349 alia
613 1282 713 1348 aliam
741 1285 889 1350 eomodo
914 1291 1101 1367 sequuntur,
1126 1291 1163 1351 ut
1178 1305 1219 1351 ex
1242 1285 1383 1368 siugulis
1406 1305 1565 1368 persona-

335 1410 408 1456 rum
423 1390 535 1458 verbis
551 1409 611 1472 per
626 1389 830 1457 occasionem
846 1390 977 1457 iniectis
994 1391 1137 1473 spatium
1153 1391 1236 1457 illud
1252 1392 1418 1459 enucleari
1434 1392 1563 1459 debeat.

425 1498 559 1563 Medea
588 1497 674 1562 enim
705 1503 859 1578 quantum
891 1497 958 1563 dici
988 1498 1139 1565 Corinthi
1168 1517 1336 1565 remanere
1366 1499 1431 1566 sibi
1462 1499 1566 1566 liceat

335 1603 392 1689 (cf.
417 1624 448 1670 v.
466 1602 633 1689 352-53)
661 1621 696 1669 se
725 1603 759 1668 in
783 1603 920 1670 consilio
951 1604 1009 1671 illo
1038 1605 1144 1671 atroci
1167 1605 1367 1688 perficiendo
1392 1625 1463 1673 esse
1486 1625 1564 1672 con-

335 1717 537 1793 sumpturam
560 1710 612 1776 his
635 1710 746 1777 verbis
771 1710 852 1776 dicit
875 1711 918 1797 (v.
936 1711 1121 1798 373—75):

920 1825 1023 1914 τήνδ’
1047 1825 1189 1916 ἐφῆκεν
1212 1825 1361 1916 ἡμέραν

494 1931 628 2019 μεῖναί
650 1930 695 2018 μ’,
720 1932 759 2000 έν
781 1921 803 2022 ᾗ
824 1939 933 2024 τρεῖς
955 1937 1030 1999 τῶν
1054 1932 1155 2018 ε’μῶν
1177 1931 1333 2025 ἐχθρῶν
1355 1934 1516 2024 νεκροὺς

494 2039 620 2130 θήσω,
644 2039 773 2130 πατέρα
795 2065 831 2106 τε
853 2041 909 2107 καὶ
932 2038 1031 2130 κόρην
1054 2039 1154 2108 πόσιν
1177 2039 1205 2107 τ’
1229 2040 1317 2126 ἐμόν.

423 2168 493 2252 Quo
524 2168 662 2234 consilio
692 2170 840 2250 perfecto
871 2187 944 2234 cum
974 2168 1058 2234 nihil
1089 2167 1316 2252 leucogaea,
1347 2188 1442 2236 nemo
1466 2169 1563 2236 dubi-

334 2279 420 2345 tabit
446 2278 526 2359 quin
549 2283 620 2343 tota
643 2277 816 2359 tragoedia
845 2276 967 2342 finibus
994 2277 1090 2343 unius
1114 2277 1181 2343 diei
1209 2277 1424 2343 contineatur.
1473 2278 1563 2361 Qua

333 2405 406 2452 oum
440 2404 476 2450 re
514 2385 617 2451 verba
652 2383 792 2448 aliarum
827 2402 1041 2465 personarum
1077 2384 1298 2466 consentiunt,
1337 2384 1430 2450 velut
1468 2385 1562 2450 chori

248 2503 251 2508 “
333 2493 377 2578 (v.
397 2490 601 2578 1231-32):

545 2594 624 2679 ioci
647 2595 665 2662 ὁ
689 2595 818 2680 δαίμων
840 2595 948 2663 πολλὰ
970 2595 1049 2686 τῇδ’
1072 2596 1111 2663 έν
1134 2595 1258 2687 ἡμέρᾳ

543 2701 626 2771 κακὰ
649 2701 827 2789 ξυνάπτειν
850 2703 985 2781 ἐνδίκως
1006 2702 1132 2789 Ἰάσονι,

332 2839 390 2898 aut
417 2832 552 2897 Medeae
581 2830 687 2913 ipsius
718 2831 861 2897 animum
892 2831 934 2895 ad
965 2849 1045 2913 opus
1077 2831 1333 2914 aggrediendum
1363 2831 1416 2897 his
1446 2832 1564 2898 verbis

332 2938 555 3005 confirmantis
579 2937 846 3024 (v.1247-49):

972 3023 1055 3093 α’λλὰ
1077 3023 1174 3116 τήνδε
1196 3049 1232 3112 ys

545 3136 673 3201 λαθοῦ
695 3138 886 3223 βραχεῖαν
910 3131 1056 3223 ἡμέραν
1079 3133 1231 3200 παίδων
1256 3132 1372 3201 σέθεν

542 3238 682 3306 κᾶπειτα
705 3239 835 3329 θρήνει.

419 3367 531 3433 Etiam
566 3366 674 3433 Ionis
708 3366 842 3432 fabulae
878 3367 1040 3432 actionem
1075 3385 1137 3448 quo
1170 3367 1302 3433 initium
1334 3369 1461 3450 ceperit
1493 3369 1561 3451 die,

331 3476 442 3541 codem
477 3475 519 3540 ad
557 3474 654 3539 finem
692 3472 828 3554 perduci
863 3473 974 3540 verbis
1014 3473 1148 3542 fabulae
1186 3475 1269 3557 ipsis
1304 3477 1559 3542 demonstratur.

330 3582 460 3648 Fabula
484 3580 570 3646 euim
593 3579 712 3662 incipit
735 3599 755 3646 a
778 3580 886 3662 prima
909 3581 981 3646 lucc
1005 3581 1062 3666 (cf.
1079 3603 1110 3649 v.
1127 3583 1171 3647 82
1183 3582 1260 3668 sq.),
1292 3602 1396 3663 neque
1419 3583 1559 3648 multum

330 3688 396 3754 diei
420 3693 643 3770 consumptum
668 3693 727 3770 est,
753 3707 825 3753 cum
848 3687 979 3755 Xuthus
1003 3688 1149 3770 Delphos
1173 3689 1309 3756 advenit
1330 3689 1469 3770 Iouique
1491 3707 1562 3770 qu

330 3801 508 3862 commotus
524 3813 625 3862 causa
647 3795 710 3860 huc
730 3814 766 3861 se
789 3795 966 3861 contulerit
980 3794 1032 3862 his
1048 3795 1159 3862 verbis
1176 3795 1323 3878 explicat
1342 3795 1556 3882 (v.420-21):

915 3915 1079 4004 βούλομαι
1102 3915 1133 3984 δ’
1155 3917 1194 3985 έν
1217 3917 1341 4009 ἡμέρᾳ

542 4023 632 4114 τῇδ’,
656 4023 769 4092 αἰσία
792 4022 879 4114 γάρ,
902 4028 987 4092 θεοῦ
1008 4026 1122 4112 λαβεῖν
1143 4024 1367 4111 μαντεύματα.

418 4151 526 4230 Atque
554 4156 725 4231 postquam
756 4169 791 4216 se
815 4149 905 4216 Ionis
935 4157 1061 4232 patrem
1090 4171 1161 4219 esse
1190 4151 1358 4234 cognovit,
1391 4150 1555 4217 exclamat

329 4257 410 4323 haec
436 4257 479 4342 (v.
497 4257 592 4341 562):

542 4360 666 4452 ἡμέρα
688 4361 725 4430 θ’
747 4362 768 4452 ἡ
791 4366 857 4429 νῦν
879 4367 1061 4452 παροῦσα
1083 4361 1246 4455 μακάριόν
1267 4362 1295 4450 y’
1318 4362 1418 4453 dilexi
1439 4387 1489 4448 με.

418 4489 562 4572 Quocum
585 4489 792 4556 consentiunt
815 4490 905 4556 Ionis
928 4489 1034 4572 ipsius
1057 4493 1159 4558 verba
1182 4490 1357 4576 (ν.1354);

542 4595 568 4669 ὦ
590 4605 762 4693 μακαρίων
785 4630 842 4689 μοι
867 4603 1051 4693 φασμάτων
1075 4603 1129 4694 ἥδ’
1153 4604 1287 4694 ἡμέρα.
