3452 5314
924 407 967 472 38

421 622 460 687 In
489 621 706 703 Asclepiadeo
736 621 860 688 minore
888 643 959 688 -eus
989 621 1254 712 terminationem
1277 626 1329 686 ter
1359 619 1559 685 invenimus:

334 728 367 794 in
392 728 509 794 ultima
533 729 611 810 arsi,
636 728 671 794 in
695 728 764 796 arsi
780 729 915 814 dactyli,
941 729 975 794 in
998 727 1085 796 thesi
1107 727 1208 812 primi
1230 726 1325 810 pedis
1347 726 1560 794 Pherecratei

332 836 468 903 secundi
491 835 695 902 catalectici:

438 961 625 1028 Η.Ο.167;
658 964 730 1044 quta
758 965 865 1030 vacuas
888 939 1056 1042 Briareus,
1081 965 1153 1044 quta
1175 961 1316 1028 tumidus
1342 957 1431 1045 Gyas

441 1069 481 1134 11.
493 1068 516 1135 r.
542 1068 623 1134 aaa:
655 1047 854 1152 nauseas
870 1069 972 1152 famu
993 1070 1096 1154 repa
1118 1070 1154 1134 a
1175 1067 1237 1135 eru

538 1177 620 1241 571:
657 1155 807 1259 (1111111,
832 1176 1016 1260 Eurydicen
1039 1177 1115 1242 duim
1137 1177 1245 1259 repetit
1268 1176 1370 1242 sudor.

422 1300 530 1368 Semel
553 1305 745 1368 tetrameter
767 1301 952 1385 dactylicus
975 1322 1046 1367 -eus
1074 1301 1238 1386 syllabam
1262 1299 1408 1367 continet
1432 1299 1467 1364 in
1491 1298 1559 1365 arsi

355 1407 489 1474 ositam:

331 1427 353 1490 p
493 1496 572 1563 Oed.
599 1497 680 1564 450:
713 1500 741 1564 11
763 1496 919 1566 turudum
942 1477 1065 1566 Nereius
1084 1500 1192 1581 posuit
1214 1517 1310 1563 mura.

422 1622 462 1687 In
488 1622 660 1690 Phaedrae
683 1643 782 1690 versu
812 1623 898 1690 1205
927 1629 1119 1691 tetrametro
1147 1622 1314 1689 trochaico
1344 1620 1559 1687 catalectico:

462 1739 571 1807 ultima
593 1741 806 1825 quodcumque
828 1739 962 1808 Peuma
985 1744 1155 1825 aequorum
1178 1739 1340 1807 abscmtdlt
1362 1738 1437 1803 111111

332 1878 404 1922 -eas
421 1856 462 1921 in
487 1855 572 1922 thesi
588 1856 698 1924 vocali
721 1856 913 1938 insequente
935 1857 1079 1940 positum
1103 1861 1161 1924 est,
1201 1855 1265 1923 Sed
1288 1875 1329 1921 ue
1351 1855 1414 1920 hoc
1430 1853 1560 1934 quidem

331 1963 403 2029 loco
427 1985 497 2030 -eus
520 1965 646 2030 duabus
663 1964 803 2048 syllabis
827 1964 1000 2030 enuntiare
1015 1964 1104 2046 licet,
1129 1983 1203 2030 cum
1225 1965 1288 2029 hae
1303 1964 1387 2028 duae
1410 1960 1560 2044 syllabae

333 2073 449 2137 breves
474 2069 509 2135 in
524 2071 611 2137 thesi
634 2071 764 2154 positae
779 2090 892 2139 vocem
915 2071 1041 2139 liniant.
1072 2071 1253 2137 Praeterea
1275 2069 1395 2137 ceteris
1419 2069 1462 2134 18
1478 2066 1560 2132 locis

333 2177 514 2261 lyricorum
537 2197 691 2246 versuum
719 2179 754 2244 id
777 2184 881 2245 metro
905 2178 1061 2245 incolumi
1085 2178 1160 2244 fieri
1183 2198 1249 2244 non
1279 2195 1377 2259 posse
1401 2174 1561 2257 exemplis

334 2285 572 2368 demonstravi,
602 2292 638 2352 ut
668 2287 729 2352 hoc
760 2305 887 2367 quoque
910 2286 982 2353 loco
1006 2307 1076 2353 -eus
1100 2305 1166 2352 una
1188 2285 1320 2370 syllaba
1343 2282 1559 2367 pronuntian-

334 2393 409 2458 dum
433 2411 506 2460 esse
527 2392 610 2459 mibi
633 2394 863 2476 persuaserim.

423 2518 514 2584 Idem
552 2537 668 2586 censeo
708 2521 747 2586 de
787 2519 931 2587 eiusdem
969 2525 1086 2602 poetae
1127 2519 1224 2588 XXV
1263 2517 1560 2602 epigrammatis

334 2645 433 2693 versu
457 2627 517 2692 45³
596 2679 738 2764 orpheus
761 2682 909 2765 infamas
931 2682 1069 2765 spuerit
1090 2681 1196 2748 tollere
1218 2681 1297 2765 11188
1307 2677 1331 2765 ¹)

334 2807 388 2873 oui
418 2806 601 2873 sententiae
631 2811 823 2890 argumento
855 2813 905 2874 est
935 2826 1052 2873 nomeu
1083 2806 1215 2888 Nereus,
1247 2806 1340 2872 ouius
1370 2804 1561 2871 terminatio

334 2913 484 2981 XXXVI
507 2913 757 2997 epigrammatis
780 2933 896 2982 versus
920 2915 941 2980 3
965 2919 1116 2995 quartam
1146 2913 1238 2980 arsin
1261 2912 1401 2995 supplet.
1448 2912 1563 2994 Neque

335 3021 441 3104 magis
466 3039 563 3101 quam
592 3022 680 3103 apud
703 3021 877 3087 Manilium
902 3021 1009 3086 forma
1032 3039 1147 3086 versus
1170 3020 1327 3103 postulat,
1357 3027 1394 3086 ut
1419 3017 1562 3102 Orpbeus

336 3130 461 3195 duabus
485 3127 626 3212 syllabis
649 3128 888 3210 pronuntietur.
935 3127 1067 3195 Similes
1091 3127 1177 3194 enim
1200 3146 1316 3196 versus
1339 3127 1506 3194 interdum
1528 3128 1563 3192 in

335 3236 479 3303 Senecae
502 3235 751 3319 epigrammatis
774 3236 996 3304 inveniuntur.
1044 3235 1199 3318 Exempli
1222 3253 1324 3302 causa
1347 3235 1452 3302 affero
1477 3236 1562 3302 eius·

335 3344 407 3409 dem
431 3343 588 3410 carminis
611 3361 743 3410 versum
766 3343 825 3410 51:

336 3547 369 3608 et
390 3542 467 3608 hos:
594 3468 709 3552 Sperat
732 3471 788 3553 qui
810 3490 904 3538 curuo
927 3469 1030 3536 sulcos
1047 3470 1226 3552 perrumpit
1248 3475 1358 3536 aratro

453 3648 505 3730 26,
523 3648 559 3714 3:
593 3647 731 3715 Famam
755 3650 912 3732 temptasti
933 3655 1075 3716 uostrmu
1098 3669 1237 3716 sermone
1258 3647 1398 3733 malam

523 3756 559 3823 5:
594 3755 711 3824 Contra
733 3777 798 3823 rem
821 3777 922 3839 nuper
939 3759 1102 3842 puyuasti,
1128 3756 1230 3838 liuida,
1250 3777 1387 3840 paruam

452 3863 504 3944 32,
523 3864 560 3928 3:
593 3861 687 3930 Fau
710 3859 851 3930 11111111
874 3869 902 3929 et
924 3870 1006 3930 sorte
1028 3883 1179 3948 oppressa
1201 3865 1337 3930 secunda
1360 3885 1394 3930 es

452 3971 559 4054 48,1;
592 3971 704 4038 quait
725 3992 912 4056 mapparum
936 3993 1029 4038 casus
1044 3971 1184 4054 fortuma
1206 3973 1356 4038 uirorum.

426 4097 466 4163 In
489 4097 677 4180 tragoedia,
705 4115 788 4178 quae
812 4096 1007 4163 inscribitur
1030 4096 1212 4180 Octavia,
1241 4115 1306 4163 nno
1333 4097 1406 4164 loco
1437 4097 1562 4165 inveni·

337 4224 408 4272 mus
431 4205 697 4272 terminationem
719 4227 789 4272 -eas
812 4223 872 4287 pro
896 4204 1077 4288 dipthongo
1100 4211 1309 4287 usmpatam:

480 4323 560 4388 707:
593 4329 757 4406 spumante
780 4322 894 4389 Pelr‘ds
918 4323 1077 4406 couicrpem
1101 4324 1217 4405 accepit
1241 4321 1353 4388 Thetim

428 4442 527 4525 Apud
542 4440 719 4508 Persium
742 4439 876 4506 nomina
891 4439 927 4505 in
944 4461 1012 4506 -eus
1037 4439 1247 4505 excurrentia
1261 4457 1326 4504 non
1342 4437 1562 4506 inveniuntur.

342 4569 551 4576 ——-

430 4620 448 4689 ¹)
469 4619 557 4688 Birt,
577 4617 646 4675 llus.
660 4616 745 4673 Rhen.
766 4617 819 4670 LII
837 4617 928 4685 Suppl.
948 4633 974 4685 p.
989 4617 1030 4671 lb.
