3442 5324
945 417 986 480 82

444 629 560 695 Priore
590 631 675 694 enim
704 631 738 695 in
768 631 900 696 fabulae
928 637 1022 712 parte
1051 638 1125 697 atra
1152 651 1217 697 nox
1241 639 1291 696 est
1321 630 1378 716 (ci.
1403 651 1455 696 vv.
1481 633 1509 710 l,
1529 632 1577 712 13,

357 738 408 818 17,
431 737 481 817 19,
500 736 552 818 53,
574 737 646 818 139,
667 737 740 819 146,
759 738 833 820 228,
852 739 915 804 331
928 737 989 823 sq.)
1014 745 1048 803 et
1068 738 1228 820 paulatim
1251 737 1406 803 clarescit
1427 737 1471 822 (v.
1487 737 1577 822 529);

357 843 473 910 fabula
488 863 566 910 vero
584 850 722 910 exeunte
738 843 824 910 diem
840 845 966 910 exoriri
981 845 1033 910 his
1047 845 1131 910 locis
1147 845 1357 926 cognoscitur
1373 845 1415 928 (v.
1425 843 1577 929 984-85):

569 965 611 1034 σὺ
634 965 663 1034 δ’
686 969 772 1034 εἴτι
796 966 960 1058 πράσσειν
982 973 1048 1035 τοῖν
1071 967 1296 1058 προκειμένων
1319 967 1441 1046 θέλεις,

560 1071 687 1162 Ἕκτορ,
711 1072 872 1164 πάρεστι·
905 1079 987 1164 φῶς
1009 1073 1080 1164 γὰρ
1104 1073 1251 1165 ἡμέρας
1272 1073 1372 1154 adde,

355 1205 388 1264 et
411 1199 535 1266 Hector
558 1199 640 1265 dicit
665 1199 707 1284 (v.
725 1200 907 1286 991-92):

568 1320 723 1392 πέποιθα
749 1325 861 1416 Τρωσί
883 1324 920 1394 θ’
943 1324 1068 1416 ἡμέραν
1092 1325 1273 1415 ἐλευθέραν

568 1428 706 1499 ἀκτῖνα
728 1430 797 1522 τὴν
821 1433 1057 1514 στείχουσαν
1081 1431 1174 1522 ἡλίου
1198 1431 1323 1523 φέρειν.

443 1557 556 1638 Neque
601 1577 743 1638 unquam
788 1560 823 1624 in
863 1561 971 1627 Rheso
1017 1579 1171 1626 scaenam
1212 1559 1334 1625 mutari
1350 1558 1372 1644 ¹)
1421 1579 1493 1625 cum
1537 1558 1578 1623 iis

354 1682 438 1744 quae
476 1683 576 1746 supra
612 1667 651 1731 de
681 1666 873 1748 Euripideis
911 1667 1034 1733 fabulis
1071 1667 1140 1732 dixi
1172 1667 1333 1734 convenit.
1388 1667 1479 1751 Quae
1509 1685 1578 1732 cum

354 1770 404 1835 ita
433 1771 514 1853 sint,
549 1771 622 1838 fieri
651 1792 726 1841 ,non
760 1779 869 1855 potest
899 1775 978 1854 quin
1007 1794 1168 1857 personae
1202 1774 1308 1840 locum
1343 1777 1386 1840 ab
1419 1773 1515 1838 initio
1545 1774 1578 1838 in

350 1896 475 1943 vscaena
505 1886 788 1961 repraesentatum
821 1881 864 1947 iis
896 1883 994 1947 rebus
1027 1881 1225 1964 peragendis
1258 1881 1398 1963 eligant,
1438 1899 1518 1961 quas
1550 1880 1577 1946 si

354 2003 474 2050 scaena
497 1987 620 2051 mutari
642 1987 813 2069 potuisset,
838 1987 909 2053 sine
925 1987 1023 2053 dubio
1048 1988 1114 2054 alio
1138 1989 1209 2054 loco
1233 1988 1448 2070 peregissent.
1487 1986 1577 2069 Quod

355 2091 442 2156 enim
472 2093 588 2160 Ulixes
620 2100 652 2159 et
682 2095 857 2161 Diomedes
889 2096 981 2175 equis
1011 2095 1115 2161 Rhesi
1145 2095 1285 2178 direptis
1320 2101 1396 2161 ante
1426 2094 1577 2160 Hectoris

354 2199 531 2265 tentorium
565 2200 673 2282 ipsum
708 2202 1038 2284 comprehenduntur,
1080 2208 1180 2284 poeta
1218 2202 1253 2266 id
1285 2201 1357 2283 agit
1396 2207 1433 2266 ut
1463 2200 1576 2268 Ulixes

355 2307 505 2372 custodes
529 2307 666 2374 Troicos
690 2327 799 2375 coram
824 2309 1066 2390 spectatoribus
1091 2307 1208 2374 fallere
1231 2308 1338 2390 possit
1362 2306 1405 2392 (v.
1423 2308 1489 2372 674
1502 2306 1575 2390 sq),

354 2431 459 2493 neque
488 2414 573 2480 enim
601 2415 678 2481 illos
707 2435 768 2482 sua
790 2422 907 2497 sponte
930 2417 974 2481 ad
996 2416 1173 2482 tentorium
1196 2415 1302 2497 ipsum
1327 2414 1481 2480 Hectoris
1505 2433 1576 2478 con-

356 2520 485 2603 fugere,
524 2521 582 2587 ubi
616 2523 794 2588 maximum
828 2522 894 2588 sibi
929 2523 1098 2588 imminere
1132 2522 1313 2604 periculum
1349 2521 1457 2587 sciant
1491 2519 1576 2586 credi

354 2632 472 2707 potest.

447 2736 587 2802 Maximi
611 2744 719 2802 autem
747 2738 903 2803 momenti
928 2743 978 2804 est
1003 2738 1131 2803 Rhesus
1157 2736 1271 2802 fabula
1301 2737 1344 2801 ad
1371 2736 1456 2801 hanc
1483 2753 1578 2814 quae-

355 2841 494 2908 stionem
518 2850 707 2926 propterea,
740 2845 826 2924 quod
849 2845 1039 2909 documento
1064 2850 1128 2925 est,
1159 2849 1359 2924 quantopere
1381 2841 1489 2924 poetis
1512 2846 1577 2906 tra-

355 2949 440 3030 gicis
472 2951 569 3016 unius
601 2951 667 3016 loci
699 2950 896 3017 observandi
928 2951 1039 3033 gratia
1071 2969 1125 3016 res
1158 2949 1302 3016 traditae
1336 2949 1461 3015 fuerint
1495 2967 1577 3013 corn-

354 3057 539 3123 mutandae.
601 3058 699 3140 Apud
737 3057 942 3122 Homerum
981 3055 1030 3143 (K
1053 3057 1119 3122 400
1131 3055 1192 3142 sq.)
1232 3057 1316 3122 Dolo
1355 3056 1426 3138 ipse
1465 3061 1576 3136 captus

354 3163 486 3230 Ulixem
509 3164 763 3246 Diomedemque
786 3164 930 3230 Rhesum
962 3165 1135 3231 advenisse
1166 3165 1279 3229 edocet
1307 3163 1414 3243 iisque
1441 3163 1577 3228 interro-

355 3271 510 3352 gantibus
538 3273 654 3338 suadet
681 3271 834 3338 utillum
857 3270 998 3354 primum
1021 3271 1296 3354 aggrederentur,
1325 3270 1377 3336 his
1405 3289 1482 3336 usus
1505 3287 1576 3336 ver-

355 3377 407 3442 bis
431 3375 481 3462 (Κ
504 3377 691 3464 433—34):

515 3501 547 3569 εἰ
567 3500 630 3592 γὰρ
654 3500 694 3592 δὴ
717 3501 865 3587 μέματον
890 3501 1013 3593 Τραῖων
1035 3504 1216 3570 καταδῦναι
1240 3500 1366 3586 ὅμιλον,

518 3608 657 3699 Θρήϊκες
680 3607 743 3677 οἵδ’
766 3607 939 3676 ἀπάνευθε
962 3608 1125 3698 νεήλυδες,
1149 3607 1282 3690 ἔσχατοι
1306 3605 1423 3676 ἄλλων.

445 3737 539 3820 Quod
562 3736 734 3803 consilium
762 3737 867 3802 secuti
894 3736 936 3802 ad
960 3742 1071 3802 castra
1094 3736 1257 3802 Thracum
1280 3736 1492 3816 contendunt,
1524 3733 1576 3799 nbi

354 3845 497 3911 Rhesum
522 3844 735 3910 dormientem
760 3845 899 3910 caedant
923 3844 972 3930 (Κ
994 3844 1060 3909 469
1073 3842 1145 3928 sq).

446 3952 492 4017 At
521 3951 555 4016 in
583 3952 709 4018 Rheso
735 3951 872 4017 fabula
895 3950 979 4017 Dolo
1010 3969 1089 4033 rege
1113 3951 1276 4016 Thracum
1305 3951 1405 4032 plane
1434 3955 1575 4032 praeter-

356 4058 466 4140 misso,
483 4077 545 4139 quo
562 4059 682 4124 itinere
697 4059 740 4124 ad
755 4057 931 4123 tentorium
947 4057 1101 4123 Hectoris
1117 4056 1321 4139 perveniant,
1339 4055 1408 4122 illis
1425 4055 1573 4137 explicat,

356 4173 393 4232 ut
423 4166 553 4232 omnino
581 4166 724 4232 habeant
759 4184 817 4230 cur
843 4165 879 4230 in
901 4182 1054 4231 scaenam
1077 4164 1253 4246 prodeant;
1285 4181 1361 4229 nam
1384 4162 1575 4242 simulatque
1696 4161 1697 4164 ’

356 4274 391 4339 in
419 4292 571 4340 scaenam
598 4273 766 4356 progressi
794 4278 883 4354 sunt,
920 4271 1095 4338 Diomedes
1124 4273 1205 4338 haec
1229 4270 1311 4337 dicit
1334 4269 1378 4356 (v.
1396 4269 1572 4353 bib-Rp

358 4437 568 4444 .--——-—-—

448 4521 466 4590 ¹)
486 4521 556 4575 Nam
578 4535 632 4575 unc
658 4520 706 4575 illo
724 4521 783 4574 loco
808 4525 920 4588 excepto
946 4519 993 4589 (cl.
1013 4535 1037 4575 v.
1052 4519 1114 4590 523)
1141 4518 1239 4574 chorus
1268 4535 1407 4587 nunquam
1431 4519 1464 4574 de
1483 4532 1575 4574 scaena

357 4611 470 4666 decedit.
509 4609 550 4665 Of.
570 4626 595 4679 p.
606 4611 649 4665 58.
