3442 5324
964 410 1009 476 50

884 501 1094 512 —n—-n—

373 622 504 690 crimini
521 624 587 708 dat,
612 622 707 705 quasi
728 641 892 705 nunquam
908 631 1008 692 antea
1030 624 1065 690 in
1083 644 1152 691 eam
1177 625 1310 693 invecta
1326 627 1372 692 sit
1395 625 1452 712 (cf.
1469 635 1589 710 praeter

373 732 458 799 alios
481 751 597 799 versus
619 733 679 799 hos
705 732 873 799 155-58:

587 844 629 914 σὺ
652 843 681 914 δ’
704 839 788 914 οὖσα
810 845 912 936 δούλη
935 848 991 914 καὶ
1015 847 1207 938 δορίκτητος
1228 847 1307 938 γυνὴ

587 952 734 1038 δόμους
756 960 968 1037 κατασχεῖν
991 954 1193 1042 ἐκβαλοΐδ
1216 953 1317 1047 ἡμᾶς
1339 955 1475 1035 θέλεις

589 1059 745 1140 τούσδε,
770 1065 987 1148 στυγοῦμαι
1011 1060 1040 1128 δ’
1063 1062 1179 1153 σ’νδρὶ
1203 1063 1449 1154 φαρμάκοισι
1474 1071 1567 1144 σοῖς,

587 1165 705 1259 νηδὺς
728 1166 758 1236 δ’
781 1165 939 1253 α’κόμων
962 1166 1028 1237 διὰ
1052 1167 1094 1237 σέ
1116 1194 1184 1255 μοι
1208 1169 1445 1260 διόλλυται).

461 1295 599 1361 Accedrt
621 1296 708 1376 quod
731 1295 970 1378 Andromacha,
995 1315 1190 1378 quamquam
1214 1317 1249 1364 se
1272 1298 1472 1365 Hermionae
1496 1299 1589 1365 obsti-

372 1401 453 1468 tisse
487 1403 622 1484 eiusque
653 1401 876 1470 incusationes
909 1409 1065 1484 quantum
1099 1404 1229 1484 quidem
1262 1405 1369 1487 possit
1400 1405 1590 1472 refutavisse

373 1509 407 1574 in
431 1510 568 1592 prologo
593 1509 680 1575 dixit
703 1508 760 1597 (cf.
785 1529 815 1576 v.
834 1510 982 1578 36-39:

585 1621 663 1710 όγιό
685 1623 728 1692 τό
751 1623 929 1715 πρόσθεν
953 1623 1021 1708 οὐχ
1044 1624 1170 1695 έκοῦο’
1193 1626 1402 1718 ἐδεξάμην,

586 1735 652 1799 νῦν
675 1729 705 1797 δ’
728 1730 959 1800 ἐκλέλοιπα·
991 1730 1076 1811 Ζεὺς
1098 1731 1172 1801 τάδ’
1194 1732 1298 1824 εἰδείη
1322 1734 1434 1821 μέγας,

586 1837 630 1916 ιός
652 1837 713 1921 οὐχ
735 1837 856 1908 ἑκοῦσα
877 1838 955 1926 τῷδ’
978 1838 1162 1931 ἐκοινώθην
1185 1840 1282 1924 λέχει.

585 1944 665 2013 ἀλλ’
688 1944 733 2014 οὔ
756 1971 831 2037 σφε
854 1947 1017 2036 πείθω),

372 2085 457 2131 nuno
481 2065 585 2131 denuo
610 2065 653 2130 ad
676 2065 808 2148 singula
830 2065 1014 2132 refellenda
1037 2066 1247 2148 aggreditur,
1279 2068 1372 2134 cuius
1395 2068 1445 2134 rei
1468 2077 1591 2150 praetor

373 2171 442 2238 alia
464 2171 614 2254 exempla
637 2171 740 2238 affero
764 2172 861 2238 haec:
1690 2163 1691 2166 '

396 2307 425 2354 v.
448 2288 615 2353 192—93:
640 2285 716 2365 εἴπ’,
740 2279 767 2353 ὦ
789 2291 891 2367 νεᾶνι,
914 2292 962 2374 τῷ
985 2285 1015 2356 α’
1040 2287 1177 2376 ἐχεγγύῳ
1200 2287 1285 2376 λόγῳ

639 2391 808 2462 πεισθεῑσ’
832 2391 964 2462 damini
986 2395 1127 2484 γνησίων
1150 2395 1411 2486 νυμφευμάτωνς

395 2523 425 2570 v.
445 2502 612 2568 196—98:
637 2497 657 2590 ἢ
679 2504 726 2587 τῷ
749 2499 811 2588 νέῳ
834 2526 870 2568 τε
893 2502 948 2569 καὶ
973 2507 1155 2592 σφριγῶιτι
1179 2501 1308 2588 σώματι

639 2607 785 2675 πλούτου
807 2633 843 2675 τε
865 2607 1001 2695 μεγέθει
1024 2611 1077 2677 καὶ
1103 2611 1216 2700 φίλοις
1238 2610 1406 2701 ἐπηρμένη

640 2709 730 2783 οόκον
752 2722 927 2798 κατασχεῖν
948 2714 1006 2783 τόν
1030 2715 1088 2784 σόν
1110 2715 1186 2785 α’ντὶ
1210 2722 1271 2786 σοῦ
1292 2717 1397 2801 θέλω;

373 2845 403 2892 v.
422 2824 612 2891 205-206:
637 2821 695 2890 οὐκ
718 2823 753 2908 ἐξ
776 2822 864 2908 ἐμῶν
887 2848 924 2891 σε
947 2822 1132 2914 φαρμάκων
1156 2831 1268 2911 στυγεῖ
1288 2824 1399 2906 πόσις,

641 2927 711 2997 ἀλλ’
734 2929 766 2997 εἰ
787 2935 933 3016 ξυνεῖναι
956 2930 1002 3021 μὴ
1026 2930 1194 3022 ’πιτηδεία
1217 2939 1337 3023 κυρεῖς.

463 3048 527 3115 Sed
562 3048 662 3115 etiam
696 3049 731 3114 in
766 3049 988 3134 Hippolyto
1025 3050 1137 3116 nutrix
1172 3052 1270 3116 choro
1306 3070 1341 3116 se
1376 3051 1482 3116 adhuc
1514 3047 1590 3116 nihil

373 3155 636 3238 praetermisisse
653 3156 797 3238 exponit,
815 3156 986 3236 quominus
1003 3175 1065 3238 quo
1082 3160 1195 3223 morbo
1211 3157 1362 3224 Phaedra
1378 3159 1499 3224 allecta
1514 3162 1592 3222 esset

373 3269 650 3346 perscrutaretur,
676 3282 779 3344 neque
803 3269 913 3330 tamen
936 3264 1110 3346 quicquam
1134 3271 1317 3332 assecutam
1342 3284 1428 3348 esse,
1458 3265 1491 3330 id
1514 3262 1591 3345 quod

375 3371 526 3438 everbis
550 3371 620 3438 eius
644 3371 751 3437 elucet
773 3371 842 3437 his:

478 3509 508 3555 v.
527 3489 606 3554 271:
640 3484 698 3553 οὐκ
722 3479 785 3553 οἶδ’
808 3485 976 3572 ἐλέγχους·
1009 3483 1132 3576 οὐγὰρ
1155 3485 1302 3555 ἐννέπειν
1324 3486 1429 3555 θέλει.

478 3615 508 3662 ν.
526 3595 605 3660 273:
640 3592 688 3671 εἰς
710 3591 830 3661 ταύτόν
853 3592 959 3684 ἥκεις·
992 3592 1102 3661 πόντα
1124 3593 1185 3684 γὰρ
1210 3597 1286 3682 σιγᾷ
1307 3592 1398 3663 τάδε.

478 3721 508 3770 v.
527 3704 605 3769 284:
639 3701 688 3779 εἷς
710 3705 778 3768 πᾶν
800 3699 945 3792 α’φῖγμαι
969 3700 1088 3769 κούδὲν
1110 3703 1287 3790 εἴργασμαι
1310 3687 1437 3769 πλέον’

463 3827 586 3894 Tamen
614 3847 649 3894 se
673 3829 784 3894 eodem
808 3828 903 3894 modo
927 3834 1025 3909 utque
1054 3834 1152 3894 antea
1180 3847 1265 3894 nuno
1289 3828 1392 3894 denuo
1417 3827 1589 3894 Phaedram

373 3935 526 4018 precibus
549 3934 713 4001 adituram
730 3927 811 4017 esse,
835 3940 872 4000 ut
895 3934 956 4001 illa
975 3935 1107 4001 taudem
1131 3933 1309 4015 aliquando
1333 3954 1396 4015 quo
1419 3935 1465 4002 sit
1479 3937 1591 4002 vexata

374 4045 485 4108 morbo
517 4041 626 4108 edicat
653 4040 710 4127 (of.
735 4061 765 4108 v.
784 4041 934 4126 tonsu).
982 4043 1054 4126 Qua
1082 4041 1314 4122 disquisitione
1342 4040 1590 4124 primoquidem

374 4149 459 4214 nihil
486 4147 632 4215 efficitur
662 4148 727 4214 nisi
756 4155 792 4214 ut
819 4149 894 4232 illa,
926 4149 960 4214 id
984 4149 1069 4230 quod
1100 4149 1201 4215 etiam
1231 4155 1329 4215 antea
1359 4149 1433 4214 fieri
1462 4147 1589 4222 solebat,

374 4260 499 4336 taceat;
532 4257 643 4337 itaque
667 4256 779 4321 nutrix
802 4256 884 4322 haec
907 4256 1072 4322 exclamat
1095 4256 1138 4343 (v.
1157 4256 1364 4342 301-303):

587 4386 745 4466 γυναῖκες,
769 4377 894 4457 ἄλλως
917 4378 1036 4447 τούσδε
1058 4383 1252 4464 μοχθοῦμεν
1274 4377 1424 4458 πόνους,’

588 4490 660 4555 ἴσον
684 4486 713 4554 δ’
736 4485 883 4572 όίπεσμεν
906 4490 953 4574 uqi
975 4486 1074 4575 πρίν·
1107 4485 1289 4576 οὔτεγὰρ
1312 4484 1401 4554 τότε

588 4593 718 4681 λόγοις
742 4593 912 4680 ἐτέγγεθ’
936 4593 1003 4683 ἥδε
1026 4599 1092 4662 νῦν
1115 4593 1143 4660 τ’
1167 4592 1211 4661 οὐ
1233 4593 1432 4662 πείθεται.
