3522 5310
831 300 1042 400 „Ei-

347 518 410 582 quo
436 497 596 580 ignotiora
619 495 735 560 horum
760 505 887 582 septem
912 496 1106 582 sapientium
1133 493 1264 558 nomina
1287 491 1523 580 posterioribus

346 602 548 688 temporibus
566 602 697 676 fiebant,
723 624 787 689 quo
801 600 940 667 clariora
964 599 1046 666 baeo
1061 599 1158 666 illave
1182 623 1264 686 gens
1282 599 1433 683 habebat,
1459 623 1523 687 quo

348 711 454 795 magis
479 712 637 796 sapientis
659 711 746 773 notio
764 711 889 773 variata
913 718 973 790 est,
999 730 1037 772 eo
1055 710 1161 792 magis
1186 709 1358 794 epristino
1376 706 1523 792 catalogo

346 815 409 881 alia
433 817 696 898 removebantur,
733 815 797 880 alia
833 815 996 880 subibant.
1044 814 1250 902 Quamquam
1276 837 1354 880 vero
1393 817 1523 880 nomina

345 934 514 1009 tantopere
543 925 667 988 variata
699 933 783 1000 sunt,
821 934 856 987 ut
891 932 1017 1009 septem
1058 923 1252 1008 sapientium
1290 944 1446 988 numerus
1482 921 1523 986 ad

346 1033 459 1116 viginti
486 1030 569 1095 duos
598 1041 714 1094 anetus
739 1032 790 1108 sit,
827 1043 935 1094 tamen
966 1051 1065 1094 unum
1105 1052 1237 1115 semper
1273 1039 1438 1094 servatum
1463 1041 1522 1112 est,

346 1159 458 1202 eorum
485 1136 675 1202 hebdomas.
693 1139 716 1219 ¹)
1233 1125 1235 1130 ¹

453 1245 617 1324 Quantam
634 1246 698 1307 vim
724 1245 849 1308 numeri
874 1245 907 1308 in
924 1242 1073 1330 populari
1095 1243 1252 1328 religione
1268 1243 1418 1322 habeant,
1436 1243 1522 1308 haud

348 1353 546 1436 ignoramus,
587 1352 747 1436 imprimis
783 1350 813 1423 3,
848 1351 878 1430 7,
911 1351 941 1428 9,
972 1351 1067 1430 w)
1119 1351 1189 1416 Iam
1228 1350 1316 1437 apud
1355 1351 1455 1415 Indos
1492 1360 1524 1414 et

346 1459 495 1524 nationes
526 1458 698 1523 Semiticas
734 1457 818 1522 hane
855 1481 924 1524 rem
960 1457 1183 1522 confirmatam
1214 1458 1375 1522 videmus.
1425 1457 1521 1544 Apud

346 1565 474 1630 Arabes
499 1562 739 1630 hebdomadem
771 1565 860 1629 haud
887 1567 980 1651 parvi
1016 1568 1170 1630 momenti
1199 1566 1302 1629 fnisse
1338 1567 1522 1630 testimonio

345 1683 421 1737 sunt
444 1695 528 1759 quae
560 1671 747 1737 Herodotus
773 1671 822 1736 ΙΙΙ
847 1673 866 1736 8
903 1683 1021 1736 narrat.
1068 1671 1197 1736 Arabes
1230 1675 1315 1736 enim
1347 1675 1395 1736 sio
1423 1672 1521 1736 tidem

344 1779 423 1844 dant
446 1791 479 1844 et
501 1781 674 1866 accipiunt.
723 1779 757 1844 Si
782 1782 837 1865 qui
863 1779 937 1866 quid
963 1781 1048 1843 inter
1072 1804 1108 1844 se
1133 1801 1275 1866 pangere
1292 1779 1416 1862 volunt,
1439 1779 1521 1845 alius

344 1885 452 1973 lapide
477 1898 572 1950 aonto
597 1889 781 1950 interiorem
808 1908 940 1952 manum
970 1889 1140 1972 utriusque
1170 1885 1296 1950 illorum
1327 1909 1429 1973 prope
1454 1886 1521 1972 pol-

343 1992 439 2058 lieem
476 1993 589 2057 ineidit
625 2003 656 2058 et
691 1995 851 2078 sanguine
887 2005 1012 2080 septem
1047 1993 1174 2080 lapides
1201 1992 1322 2057 oblinit.
1371 2000 1522 2063 τοῦτοδὲ

318 2183 320 2188 Ι
346 2111 453 2169 ποιέων
478 2107 628 2170 ἐπικαλέει
650 2108 704 2169 τόν
727 2129 763 2168 τε
785 2103 929 2170 Διόνυσον
952 2107 1003 2170 καὶ
1026 2107 1080 2186 τὴν
1105 2105 1266 2192 Οὐρανίην.
1301 2101 1392 2166 ldem
1417 2101 1521 2165 Hero·

347 2207 443 2272 dotus
468 2207 480 2272 l
508 2207 550 2272 86
575 2205 674 2271 refert
698 2206 820 2292 Cyrum
845 2209 983 2272 iussisse
1009 2207 1167 2273 Croesum
1193 2207 1406 2293 compedibus
1431 2210 1520 2271 vine-

345 2325 411 2378 tum
436 2317 572 2398 inrogo
597 2313 765 2400 Lydorum
796 2315 907 2399 pueris
937 2314 987 2378 bis
1021 2318 1166 2401 septenis
1196 2314 1401 2394 circumdari,
1438 2337 1520 2400 quos

344 2435 400 2485 aut
423 2419 519 2485 alieni
545 2421 606 2485 deo
620 2423 778 2506 primitias
796 2422 928 2485 offerret
951 2433 1007 2486 aut
1029 2433 1064 2486 ut
1081 2433 1190 2486 votum
1209 2420 1341 2509 aliquod
1367 2419 1518 2486 solveret.

344 2526 384 2592 ln
407 2527 578 2592 oeeidente
609 2527 685 2592 inde
716 2551 756 2591 ex
787 2527 978 2614 pervulgata
1007 2528 1236 2593 Semitiearum
1273 2530 1418 2613 gentium
1444 2526 1519 2591 heb-

344 2633 483 2698 domade
512 2658 531 2698 ιι
567 2645 695 2720 septem
731 2632 871 2722 planetis
895 2635 994 2699 dueta
1017 2633 1198 2699 hebdomas
1234 2637 1266 2699 in
1300 2657 1395 2699 nsum
1422 2637 1519 2698 venit.

345 2740 450 2822 Quem
489 2763 660 2806 numerum
699 2743 733 2806 in
771 2742 968 2807 Iudaeorum
1017 2741 1152 2806 historia
1198 2741 1336 2807 fabulari
1385 2741 1520 2806 multum

344 2847 489 2912 valuisse
514 2850 677 2913 neminem
701 2848 799 2930 latet3
835 2849 876 2912 de
901 2859 1027 2934 septem
1060 2848 1215 2913 fratribus
1241 2852 1295 2935 qui
1321 2871 1393 2914 ounr
1419 2859 1520 2912 matre

343 2958 450 3020 animo
487 2959 648 3020 constanti
685 2955 881 3042 supplicium
918 2954 1097 3038 subierunt,
1134 2956 1282 3020 Maooab.
1312 2957 1387 3020 117
1425 2958 1519 3020 nobis

343 3062 496 3146 traditum
534 3073 566 3127 et
601 3075 754 3149 quantam
780 3067 843 3127 vim
877 3063 1072 3128 Iudaeorum
1104 3061 1235 3127 fabulae
1259 3064 1292 3127 in
1325 3063 1519 3128 christianas

344 3153 523 3252 habuerint,
550 3171 788 3235 demonstravit
810 3170 846 3235 L.
874 3170 1050 3255 Ginzberg.
1065 3169 1088 3256 ³)

450 3275 555 3341 Etiam
580 3277 668 3362 apud
693 3277 841 3343 Graecos
866 3277 1048 3342 hebdomas
1073 3277 1208 3342 multum
1234 3277 1336 3342 valuit
1362 3276 1455 3362 (Phil.
1479 3276 1519 3341 de

343 3385 449 3472 opilio.
476 3385 587 3448 mundi
613 3385 628 3448 Ι
653 3385 696 3449 9Ο
720 3405 750 3468 p.
776 3386 816 3449 31
844 3385 894 3449 ed.
919 3385 1011 3450 (John
1035 3393 1089 3470 τὴν
1112 3389 1139 3452 δ’
1164 3390 1340 3477 ἑβδομάδος
1363 3391 1448 3478 φύσιν
1466 3390 1520 3454 οὐκ

343 3487 402 3560 οἵδ’
428 3495 513 3573 εἴτις
528 3497 634 3572 ἱκανῶς
651 3497 686 3559 ἂν
703 3499 833 3584 ὑμνῆσαι
855 3497 978 3561 δύναιτο
995 3499 1107 3573 παντὸς
1123 3496 1214 3561 οὖσαν
1237 3500 1333 3582 λόγου
1350 3499 1518 3584 κρείττονα.

451 3688 469 3748 ¹t
490 3686 528 3739 Ut
546 3691 640 3739 antem
654 3687 755 3740 Caesar
775 3689 883 3756 septem
897 3687 1086 3742 Romanorum
1105 3705 1203 3755 regum
1224 3687 1324 3740 statuis
1344 3704 1421 3741 suam
1441 3686 1520 3740 addi·

342 3775 383 3827 dit
403 3777 540 3838 octavam,
567 3779 599 3827 ut
618 3775 729 3844 Sappho
750 3775 860 3830 decima
878 3776 958 3829 Musa
977 3775 1121 3830 nominata
1141 3779 1192 3837 est,
1211 3777 1252 3829 ita
1270 3794 1320 3846 por
1339 3777 1430 3830 iocum
1450 3775 1519 3828 stul·

341 3869 387 3916 tus
406 3864 519 3932 quidam
539 3865 572 3917 ad
599 3867 708 3933 septem
732 3864 876 3934 sapientes
904 3868 1019 3919 octavus
1048 3865 1160 3920 additur
1179 3867 1298 3935 Κόροιβος
1327 3865 1445 3932 (Gallim.
1465 3865 1517 3933 frgi

340 3953 392 4006 307
413 3953 495 4007 Sohn.
528 3949 591 4009 ἑπτὰ
620 3955 692 4022 σοφοὶ
714 3955 828 4026 palpare·
861 3955 902 4009 τὸν
926 3957 1013 4023 ὃγδοον
1033 3959 1098 4010 ὥστε
1119 3955 1239 4025 Κὸροιβον
1263 3957 1290 4011 οὐ
1311 3954 1518 4025 avenesteen

341 4045 390 4096 eut
406 4041 556 4096 Stertinius
576 4043 652 4108 (Hor.
673 4047 723 4097 sat.
745 4043 770 4095 ll
790 4045 815 4105 3,
835 4043 908 4110 296).

451 4135 471 4196 Ἴ
491 4131 532 4186 Oi.
554 4131 702 4189 Dieterioh.
728 4133 853 4187 Abraxas
873 4153 899 4203 p.
919 4133 962 4187 tt.
981 4135 1038 4188 105.
1061 4135 1174 4204 Usener.
1195 4134 1390 4203 Sintfluthsag.
1410 4154 1437 4204 p.
1457 4133 1517 4186 242.

344 4221 426 4279 Diels,
446 4219 571 4292 Sibyllin,
611 4221 696 4275 Bllttt.
716 4241 742 4290 p.
763 4222 799 4276 40
818 4241 857 4290 sq.

449 4313 470 4378 ³¹)
490 4310 541 4364 Dio
554 4311 692 4380 Haggado
711 4311 755 4364 bei
776 4312 829 4365 den
845 4312 1068 4367 Kirobenvtttern
1081 4314 1138 4367 nnd
1160 4315 1186 4366 in
1201 4314 1251 4367 der
1266 4311 1516 4384 epolralyptisohen

343 4401 503 4453 [litteratur.
543 4400 737 4466 (Monatssohr.
762 4399 781 4454 f.
803 4401 902 4456 Gesolr.
925 4421 949 4456 n.
971 4401 1176 4457 Wissensehait
1201 4404 1225 4456 d.
1245 4403 1361 4458 dudent.
1382 4401 1518 4471 laterae.)

341 4489 381 4544 Of.
411 4490 497 4544 etiam
520 4491 645 4546 Lundstr.
676 4490 869 4544 tietmar-chon
899 4493 957 4545 und,
988 4493 1179 4548 Mdrchenzeit
1207 4493 1286 4558 (Bell.
1316 4513 1336 4545 z.
1357 4493 1429 4560 Allg.
1450 4491 1517 4545 zoit.

343 4579 411 4633 1900
424 4599 450 4634 n.
464 4580 534 4645 l2i.)
