3442 5324
954 397 996 460 56
1058 489 1075 494 .-

356 613 433 671 tuuc
464 608 585 688 ipsum,
623 627 694 672 cum
725 609 894 674 Menelaus
926 609 1187 675 Andromacham
1223 611 1266 675 ad
1300 619 1437 676 mortem
1467 613 1582 677 abduci

356 712 468 796 iussit,
504 713 642 796 Delphis
673 717 801 780 domum
837 715 974 797 rediret,
1011 716 1071 781 illa
1105 717 1167 782 hoc
1203 718 1256 784 die
1290 720 1394 784 denuo
1429 719 1581 784 famulam

356 819 502 902 Delphos
541 821 645 903 misit,
686 841 770 903 quae
805 841 866 902 quo
906 829 1016 890 essent
1054 824 1089 889 iu
1126 825 1273 906 periculo
1312 825 1365 891 illi
1405 826 1582 908 explicaret

356 926 413 1012 (ef.
438 947 468 994 v.
486 927 552 1014 83).

443 1035 558 1115 Neque
582 1036 715 1102 Orestes
743 1038 805 1102 hoo
829 1037 881 1103 die
905 1057 984 1104 casu
1007 1038 1138 1104 Pthiam
1167 1040 1315 1122 advenit,
1347 1059 1410 1120 quo
1434 1041 1581 1106 Hermio-

355 1161 431 1206 nam
455 1141 598 1207 iniuriae
615 1144 864 1209 Andromachae
890 1145 999 1210 factae
1023 1145 1188 1227 paenitet;
1221 1147 1279 1212 sed
1303 1166 1373 1212 cum
1399 1165 1509 1213 omnes
1532 1168 1581 1213 res

356 1249 475 1313 Pthiae
498 1255 610 1330 gestas
634 1249 756 1315 habeat
779 1257 977 1332 compertas,
1007 1271 1092 1317 nnnc
1116 1253 1222 1334 ipsum
1246 1273 1282 1318 se
1311 1255 1373 1320 huc
1396 1255 1581 1336 pervenisse

356 1355 446 1438 dicit,
471 1361 508 1421 ut
532 1356 623 1422 illam
647 1357 798 1437 sesequi
822 1357 950 1423 iuberet
973 1357 1017 1443 (v.
1035 1359 1219 1444 ebe-oab

570 1479 641 1565 ἐγὼ
664 1478 734 1568 γὰρ
758 1479 873 1559 εἰδὼς
895 1485 1016 1549 τῶνδε
1040 1481 1231 1569 σύγχυσιν
1254 1481 1384 1569 δόμων

571 1585 641 1676 ἔριν
663 1613 700 1654 τε
722 1586 781 1676 τὴν
806 1587 866 1676 σὴν
888 1591 943 1656 καὶ
966 1588 1118 1675 γυναικὸς
1134 1589 1304 1681 Ἕκτορος,

570 1693 747 1784 φυλακὰς
770 1694 867 1778 ἔχων
890 1695 1069 1782 ἔμιμνον,
1094 1697 1161 1765 εἴτ’
1184 1697 1308 1766 αὐτοῦ
1330 1706 1463 1784 μενεῖςΙ

571 1800 639 1869 εἴτ’
663 1801 920 1892 ε’κφοβηθεῖᾶ
943 1803 1239 1889 αἰχμαλωτίδος
1262 1806 1371 1894 φόβῳ

570 1909 753 1995 γυναικὸς
780 1913 895 1978 οἴκων
918 1911 1027 1978 τῶνδ’
1051 1910 1308 2002 ἀπηλλάχθαι
1332 1913 1476 1992 θέλεις.

445 2035 558 2115 Neque
587 2037 719 2103 silentio
748 2038 938 2104 transierim
963 2039 1157 2121 Euripidem
1185 2059 1287 2120 aeque
1316 2047 1414 2121 atque
1437 2042 1578 2124 Aeschy-

356 2142 423 2207 lum
442 2149 475 2207 et
490 2143 681 2225 Sophoclem
706 2145 825 2226 spatiis
849 2151 882 2210 et
897 2146 1042 2212 locorum
1059 2153 1091 2212 et
1107 2153 1288 2229 temporum
1311 2149 1409 2230 plane
1425 2149 1578 2231 neglectis

357 2249 392 2314 in
421 2269 517 2315 unum
542 2250 627 2316 diem
655 2271 708 2317 res
732 2253 958 2335 comprimere,
992 2273 1074 2334 quae
1103 2255 1132 2320 si
1156 2274 1192 2320 re
1215 2275 1296 2320 vera
1322 2263 1436 2338 gestae
1466 2263 1576 2337 essent,

357 2355 540 2438 complures
564 2358 634 2424 dies
658 2357 887 2425 obtinuissent.

446 2463 545 2530 Cuius
573 2465 623 2530 rei
646 2465 878 2547 gravissimum
903 2467 1086 2548 exemplum
1109 2471 1247 2549 praebet
1275 2469 1502 2550 Supplioum
1532 2469 1577 2533 f-

357 2570 445 2654 bulu,
470 2571 506 2635 in
522 2590 595 2654 qua,
621 2573 694 2637 dum
717 2575 834 2639 chorus
858 2574 1027 2639 Stasimum
1049 2580 1171 2656 cantat,
1197 2575 1317 2640 bellum
1341 2581 1445 2641 totum
1470 2583 1576 2642 contra

358 2677 487 2743 'l'hebas
511 2679 639 2760 geritur
662 2677 718 2763 (cl.
745 2700 774 2745 v.
793 2679 982 2764 oea-634)
1007 2681 1028 2765 ).

446 2786 549 2868 Quom
578 2805 646 2851 rem
670 2806 735 2853 uon
761 2787 874 2869 magni
899 2807 969 2852 esse
998 2789 1152 2855 momenti
1182 2790 1224 2854 ad
1253 2790 1336 2855 hano
1360 2791 1578 2870 quaestionem

358 2892 606 2974 disceptandam
636 2901 785 2976 apertum
810 2901 875 2974 est;
907 2914 982 2960 nam
1006 2895 1129 2961 talibus
1154 2896 1307 2962 artificiis
1332 2897 1481 2962 omnibus
1504 2904 1577 2962 tem-

358 2999 492 3081 poribus
517 3001 617 3066 etiam
641 3001 666 3066 ii
690 3008 807 3082 poetae
831 3003 882 3066 usi
905 3007 990 3082 sunt,
1016 3003 1071 3081 qui
1095 3003 1202 3084 legem
1226 3002 1318 3068 illum
1338 3003 1576 3070 Aristotelicum

358 3106 488 3173 omnino
513 3108 729 3190 neglexerunt
739 3107 772 3194 ²).

447 3339 655 3422 Quantopere
695 3346 802 3406 autem
839 3360 897 3406 eae
932 3361 984 3406 res
1016 3359 1100 3420 quae
1132 3341 1247 3408 fabula
1282 3342 1357 3425 ipsa
1388 3348 1527 3425 aguntur
1558 3361 1576 3406 a

358 3465 435 3511 vere
466 3446 569 3528 gestis
599 3446 769 3529 differant,
801 3467 864 3513 uno
893 3449 1022 3529 quidem
1051 3449 1122 3514 loco
1151 3450 1304 3516 everbis
1333 3456 1449 3532 poetae
1478 3449 1576 3532 ipsius

450 3695 469 3764 ¹)
489 3695 531 3750 ef.
551 3695 674 3766 Schlegel
693 3695 710 3751 l.
725 3712 747 3750 c.
768 3696 796 3750 II
815 3712 839 3764 p.
855 3697 897 3751 26.

447 3785 585 3854 Welcker,
606 3785 656 3838 Die
675 3785 775 3855 griech.
790 3785 947 3855 Tregbdien
968 3789 1018 3839 mit
1032 3785 1184 3841 Rdclrsicbt
1203 3786 1253 3840 aui
1272 3787 1323 3842 deu
1343 3788 1468 3856 epischen
1481 3784 1576 3855 Zyldus

358 3875 494 3944 geordnet
517 3876 544 3928 II
564 3891 588 3943 p.
603 3877 662 3930 574.

448 3965 649 4033 Wilamowitz,
677 3963 850 4019 Griechisehe
869 3965 1026 4035 Tregddien
1050 3965 1093 4018 Ill
1114 3982 1140 4034 p.
1154 3967 1203 4019 ab:
1230 3965 1308 4034 „Eia
1329 3982 1434 4037 presses
1458 3962 1575 4020 Oborlied

358 4056 549 4123 reprdeentiert
567 4054 660 4109 menter
678 4057 737 4109 eine
755 4054 865 4124 beliebip
885 4055 962 4124 lunpe
981 4055 1044 4109 Zeit
1063 4099 1069 4108 .
1090 4096 1095 4108 .
1116 4095 1136 4122 .,
1162 4057 1213 4110 wir
1231 4057 1316 4111 sellan
1339 4074 1393 4112 arur
1411 4057 1485 4110 nieht
1499 4052 1573 4108 norh-

358 4145 497 4199 reducent

449 4233 469 4304 ²)
489 4233 564 4300 Quae
583 4249 626 4289 res
646 4233 782 4288 Verrnllio
808 4233 922 4304 (sssays
942 4251 976 4288 on
996 4235 1060 4288 four
1079 4235 1157 4303 plays
1177 4235 1208 4289 of
1226 4235 1300 4302 Eur,
1324 4235 1485 4306 Cambridge
1504 4231 1572 4296 1905,

358 4323 442 4392 p.15)
466 4328 524 4376 tam
544 4323 664 4378 absurda
682 4339 742 4377 esse
760 4323 919 4390 videbatur,
945 4328 990 4383 ut,
1010 4323 1081 4390 quod
1101 4326 1130 4378 in
1150 4323 1340 4378 Andromacha
1358 4325 1456 4380 fabula
1473 4325 1572 4378 Orestes

358 4412 408 4466 hoe
434 4414 492 4480 ipso
517 4413 560 4466 die
585 4413 659 4466 forte
679 4413 789 4466 Pthiam
815 4413 958 4466 adveniret
976 4429 1029 4479 quo
1055 4412 1261 4481 Neoptolemum
1282 4413 1393 4482 Delphis
1417 4413 1571 4469 trucidatum

359 4517 418 4556 esse
440 4501 493 4556 huc
512 4504 732 4567 renuntiaretur,
757 4503 956 4570 praelusionem
982 4504 1016 4555 ab
1036 4503 1166 4570 Euripide
1185 4503 1297 4558 fabulae
1323 4505 1376 4571 ipsi
1402 4503 1572 4572 praepositam

359 4591 446 4647 fuisse
475 4597 610 4660 censeret,
640 4593 668 4645 in
698 4608 752 4658 qua
783 4598 926 4661 postquam
954 4592 1145 4660 Neoptolemus
1172 4609 1233 4646 cum
1259 4593 1355 4648 Oreste
1379 4593 1412 4647 de
1439 4592 1573 4647 Hermione
