3496 5310
700 402 912 506 ,5-

191 616 481 686 terminationibus
528 618 722 686 nominativi
774 625 808 686 et
858 618 1041 686 accusativi
1089 635 1164 685 usos
1217 637 1291 686 esse
1336 616 1419 699 dico,

189 727 248 794 sed
285 727 360 792 aliis
398 746 525 809 quoque
565 727 750 794 uomiuihus
790 745 847 794 eas
886 729 966 792 dare
1009 746 1072 793 non
1112 726 1212 794 veriti
1251 732 1341 808 suut,
1383 730 1421 792 ut

193 834 304 918 Tityos
334 841 368 901 et
402 835 514 920 Tityon
551 836 670 918 ubique
709 837 750 902 ab
782 835 829 902 eis
861 835 982 900 dictum
1021 853 1093 900 esse
1133 834 1272 900 vidimus
1307 840 1342 900 et
1378 834 1420 899 ab

190 942 359 1008 Horatio
386 943 528 1024 Troilon,
556 963 576 1008 a
600 943 813 1024 Propertio
838 943 1006 1008 Patroclon
1029 941 1140 1008 Horon
1162 942 1304 1024 positum
1329 941 1421 1006 iuve-

189 1051 306 1116 nimus.
354 1051 493 1118 maxime
523 1050 692 1116 tamenin
717 1050 899 1116 nominibus
925 1049 1156 1134 geographicis
1181 1049 1328 1116 Craecas
1352 1055 1420 1114 ter-

189 1157 389 1224 minationes
414 1163 568 1224 servatas
594 1177 664 1224 esse
695 1165 845 1241 apparet.
894 1158 942 1223 sic
973 1157 1006 1222 in
1032 1156 1150 1223 Ovidi
1174 1176 1301 1238 quoque
1325 1155 1422 1222 libris

190 1265 338 1346 plerique
370 1266 553 1332 accusativi
577 1265 779 1333 Graecorum
810 1285 898 1332 more
931 1264 1016 1331 tacti
1046 1264 1210 1330 nominum
1237 1270 1315 1330 sunt
1339 1283 1422 1345 quae

189 1373 232 1437 ad
264 1373 338 1439 loca
368 1379 537 1457 spectant,
572 1373 648 1454 quin
680 1373 780 1439 etiam
812 1392 932 1454 aeque
964 1379 1082 1453 atque
1115 1373 1216 1453 apud
1247 1371 1421 1452 reliquos

190 1485 333 1560 poetas
357 1481 482 1547 omnia
505 1481 660 1548 nomina
677 1481 887 1565 Cycladum
906 1480 1094 1546 Graecam
1112 1479 1421 1545 declinationem

190 1594 423 1672 sequuntur,
459 1589 523 1655 etsi
556 1589 692 1656 allorum
727 1608 853 1670 quoque
886 1587 1050 1654 nominum
1085 1586 1267 1653 accusativi
1299 1585 1421 1652 Graeci

189 1703 374 1762 occurrunt.
422 1716 505 1778 quae
536 1716 606 1763 cum
639 1697 688 1763 ita
723 1697 800 1778 sint,
836 1703 928 1762 recte
964 1695 1158 1762 concludere
1193 1693 1272 1760 mihi
1307 1693 1421 1761 videor

189 1803 346 1870 nomina
369 1805 639 1888 geographica
663 1843 704 1851 —
729 1804 856 1870 omnia
880 1803 1034 1886 quidem
1059 1802 1283 1886 Cycladum,
1313 1807 1399 1868 cete

189 1929 316 1977 rorum
339 1911 578 1978 Graecorum
602 1913 772 1978 locorum
798 1912 990 1994 pleraque
1015 1948 1057 1958 —
1081 1909 1223 1992 ubique
1247 1909 1421 1976 Graecas

190 2037 375 2085 servasse
401 2019 723 2104 terminationes,
756 2019 823 2085 aliu
847 2019 1013 2086 secundae
1037 2015 1268 2084 declinationis
1291 2015 1422 2082 nomina

189 2124 266 2191 aliis
291 2143 332 2192 ex
356 2126 463 2194 causis
486 2145 607 2210 graece
630 2127 716 2193 flexa
740 2146 824 2209 5555,
849 2127 941 2193 velut
964 2126 1072 2209 Tityos
1088 2132 1123 2191 et
1142 2125 1292 2208 Tityona
1316 2125 1422 2205 poetis

190 2233 239 2298 sic
263 2233 430 2300 declinata
453 2241 541 2316 sunt,
566 2241 603 2302 ut
627 2237 732 2301 malus
756 2253 852 2301 sonus
874 2235 1050 2316 vitaretur,
1076 2233 1244 2300 Patroclon
1259 2238 1294 2298 et
1309 2231 1422 2298 Horon

189 2359 211 2406 a
233 2341 408 2423 Propertio
432 2342 522 2409 dicta
546 2349 634 2425 sunt,
659 2349 696 2410 ut
719 2342 889 2409 elisionem
913 2341 1049 2408 vitaret.

279 2448 361 2515 Pari
385 2451 479 2516 modo
496 2450 677 2517 Ovidium
702 2450 909 2517 accusativos
927 2449 1075 2516 Graecos
1098 2448 1263 2514 nominum
1279 2466 1421 2531 geogra-

189 2555 359 2636 phioorum
384 2558 480 2624 metri
504 2558 639 2625 ratione
662 2578 726 2624 nou
750 2558 867 2624 habita
890 2557 1039 2641 posuisse
1064 2563 1098 2622 et
1129 2563 1208 2623 ante
1232 2555 1363 2622 vocales
1388 2560 1423 2620 et

190 2671 270 2730 ante
294 2672 513 2733 consonantes
536 2667 685 2733 videmus
716 2704 759 2714 —
783 2674 820 2732 ut
843 2666 993 2747 exempla
1016 2665 1149 2730 addam:
1185 2664 1328 2729 Teredon
1352 2662 1421 2728 XII

195 2771 272 2854 109,
309 2772 396 2838 XIII
428 2776 505 2857 174,
544 2774 690 2841 Haemon
719 2763 766 2839 VI
797 2774 854 2854 87,
894 2773 1017 2839 Lesbon
1045 2771 1081 2837 II
1109 2771 1191 2853 591,
1227 2769 1315 2835 XIII
1347 2769 1421 2851 173,

193 2877 347 2962 Cephison
370 2881 436 2947 VII
459 2883 534 2965 388,
558 2882 662 2949 Dalm
684 2882 737 2948 III
755 2881 830 2964 597,
855 2881 907 2946 IX
923 2880 998 2962 332,
1024 2878 1086 2944 XV
1109 2879 1184 2959 541,
1212 2875 1422 2944 Orchomenon

192 2985 221 3051 V
250 2988 314 3052 507
352 3026 393 3035 -
430 2989 565 3056 aliorum
602 2996 712 3056 autem
749 2989 914 3054 nominum
950 2987 1174 3054 accusativum
1211 2985 1265 3068 qui
1298 2985 1333 3050 in
1368 3006 1422 3051 -on

193 3094 323 3178 desinit,
349 3096 489 3178 abique
511 3103 590 3164 aute
606 3099 738 3166 vocales
755 3097 933 3163 collocasse
950 3095 991 3162 ad
1009 3094 1235 3178 synaloephen
1252 3091 1421 3158 vitandam

191 3201 244 3267 his
274 3203 354 3269 locis
385 3223 519 3286 qnorum
551 3205 677 3271 numeri
701 3205 735 3270 iu
766 3203 980 3270 adnotatione
1008 3202 1107 3285 positi
1137 3206 1228 3268 sunt:
1261 3200 1420 3284 Sisyphon

191 3309 337 3394 Peyason
372 3310 525 3379 Cerberon
560 3311 674 3397 Clyton
705 3313 874 3380 Daedalon
907 3311 1087 3395 Meleayron
1121 3309 1246 3375 Aeacon
1281 3307 1422 3374 Aesacon

196 3412 295 3484 Omen
317 3418 487 3503 Hippason
506 3421 698 3506 Phleyraeon
716 3420 891 3502 Tectaphon
910 3417 1063 3501 Telephon
1080 3414 1241 3483 Coeranon
1256 3415 1424 3482 Ennomon

191 3525 404 3610 Polyphemon
426 3527 546 3596 Aeolon
568 3526 817 3614 Hyncn'nthon1).
865 3527 978 3608 itaque
1009 3545 1079 3592 cum
1106 3524 1217 3590 Riesio
1246 3543 1308 3590 nou
1336 3521 1422 3588 lucio

193 3633 247 3713 qui
273 3635 306 3700 in
330 3637 633 3719 metamorphoseon
658 3637 742 3703 VIII
766 3635 832 3702 360
855 3635 1003 3717 scripsit:

345 3758 461 3846 ‘feriar
484 3770 511 3830 et
533 3763 731 3847 Hippalmon
754 3763 973 3847 Pelapormpne
995 3761 1105 3828 dextra
1129 3753 1255 3824 tuentes'

194 3905 299 3968 neque
323 3907 394 3954 cum
410 3889 581 3973 Merkelio,
606 3889 661 3971 qui
685 3909 743 3972 pro
766 3888 963 3972 Hippalmon
978 3887 1182 3968 llapalamon
1205 3883 1326 3966 posuit,
1351 3899 1422 3946 cum

194 3994 248 4059 hic
279 4002 368 4062 esset
397 3996 512 4064 unicus
543 3997 632 4063 locus
663 4016 726 4079 quo
751 3995 889 4062 Ovidius
912 4016 968 4061 ·an
991 3992 1257 4059 ter·miuati0nem
1285 3987 1423 4056 nomInis

194 4102 316 4185 proprii
341 4104 426 4186 quod
449 4123 609 4186 personae
633 4110 696 4188 ost,
722 4112 800 4170 ante
824 4107 1058 4169 consonantem
1081 4099 1254 4182 posuisset.
1293 4097 1423 4163 codices

194 4217 370 4293 corruptos
395 4230 467 4278 esse
491 4217 601 4296 patet,
627 4231 699 4278 cum
723 4214 905 4294 praebeant
928 4209 1114 4294 hypatemon
1137 4207 1181 4290 M,
1210 4206 1373 4290 ypalemon
1396 4227 1421 4285 5,

194 4373 407 4383 --·---.

287 4443 305 4514 ¹)
325 4443 364 4498 uv
383 4443 444 4513 ooo,
464 4445 533 4498 11111
552 4443 595 4513 ac,
613 4443 654 4498 1v
674 4443 734 4512 155,
754 4441 807 4498 vu
826 4443 886 4498 113.
900 4442 962 4511 ooo,
982 4439 1052 4495 vui
1071 4438 1205 4506 551515,
1227 4437 1268 4490 ux
1287 4435 1347 4490 435.
1361 4435 1423 4502 115,

195 4530 332 4603 1111151,
360 4533 400 4588 111
420 4535 484 4604 osa,
513 4533 568 4588 xn
590 4537 611 4590 1.
631 4533 846 4602 5555553111,
875 4531 929 4586 1111
948 4532 1015 4600 uss,
1043 4530 1114 4584 11111
1138 4529 1197 4584 171.
1212 4527 1272 4581 eso.
1287 4525 1422 4594 555115,

195 4623 262 4678 xiv
282 4625 491 4693 1117115523,
510 4625 536 4679 11
554 4625 613 4680 en.
