<?xml version="1.0" encoding="UTF-8"?>
<!DOCTYPE html PUBLIC "-//W3C//DTD XHTML 1.0 Transitional//EN"
    "http://www.w3.org/TR/xhtml1/DTD/xhtml1-transitional.dtd">
<html xmlns="http://www.w3.org/1999/xhtml" xml:lang="en" lang="en">
 <head>
  <title>
</title>
<meta http-equiv="Content-Type" content="text/html;charset=utf-8" />
  <meta name='ocr-system' content='tesseract 3.04.00' />
  <meta name='ocr-capabilities' content='ocr_page ocr_carea ocr_par ocr_line ocrx_word'/>
</head>
<body>
  <div class='ocr_page' id='page_1' title='image "./deviatqueindole00cohngoog/deviatqueindole00cohngoog_0279.png"; bbox 0 0 3442 5324; ppageno 0'>
   <div class='ocr_carea' id='block_1_1' title="bbox 362 413 1586 1354">
    <p class='ocr_par' dir='ltr' id='par_1_1' title="bbox 959 413 1002 478">
     <span class='ocr_line' id='line_1_1' title="bbox 959 413 1002 478; baseline -0.023 0"><span class='ocrx_word' id='word_1_1' title='bbox 959 413 1002 478; x_wconf 82' lang='grc'>26</span> 
     </span>
    </p>

    <p class='ocr_par' dir='ltr' id='par_1_2' title="bbox 362 627 1586 1354">
     <span class='ocr_line' id='line_1_2' title="bbox 364 627 1585 712; baseline 0 -18"><span class='ocrx_word' id='word_1_2' title='bbox 364 628 495 709; x_wconf 89' lang='lat' dir='ltr'>quidem</span> <span class='ocrx_word' id='word_1_3' title='bbox 526 627 619 696; x_wconf 83' lang='lat' dir='ltr'><strong>Ulixi</strong></span> <span class='ocrx_word' id='word_1_4' title='bbox 653 630 825 694; x_wconf 82' lang='lat' dir='ltr'>obsecutus</span> <span class='ocrx_word' id='word_1_5' title='bbox 860 647 931 694; x_wconf 93' lang='lat' dir='ltr'>cum</span> <span class='ocrx_word' id='word_1_6' title='bbox 966 627 1025 694; x_wconf 90' lang='lat' dir='ltr'>illo</span> <span class='ocrx_word' id='word_1_7' title='bbox 1057 627 1216 693; x_wconf 78' lang='lat' dir='ltr'>Lemnum</span> <span class='ocrx_word' id='word_1_8' title='bbox 1250 627 1483 712; x_wconf 77' lang='lat' dir='ltr'>navigaverat,</span> <span class='ocrx_word' id='word_1_9' title='bbox 1524 630 1585 695; x_wconf 90' lang='lat' dir='ltr'>iam</span> 
     </span>
     <span class='ocr_line' id='line_1_3' title="bbox 364 734 1585 818; baseline 0.002 -18"><span class='ocrx_word' id='word_1_10' title='bbox 364 735 490 818; x_wconf 85' lang='lat' dir='ltr'>pridem</span> <span class='ocrx_word' id='word_1_11' title='bbox 515 755 555 800; x_wconf 90' lang='lat' dir='ltr'>ex</span> <span class='ocrx_word' id='word_1_12' title='bbox 579 753 615 800; x_wconf 89' lang='lat' dir='ltr'>eo</span> <span class='ocrx_word' id='word_1_13' title='bbox 633 734 844 817; x_wconf 90' lang='lat' dir='ltr'>quaesiverit,</span> <span class='ocrx_word' id='word_1_14' title='bbox 870 753 934 816; x_wconf 91' lang='lat' dir='ltr'>qua</span> <span class='ocrx_word' id='word_1_15' title='bbox 959 741 991 800; x_wconf 88' lang='lat' dir='ltr'>et</span> <span class='ocrx_word' id='word_1_16' title='bbox 1014 740 1102 802; x_wconf 86' lang='lat' dir='ltr'>sorte</span> <span class='ocrx_word' id='word_1_17' title='bbox 1126 742 1159 801; x_wconf 93' lang='lat' dir='ltr'>et</span> <span class='ocrx_word' id='word_1_18' title='bbox 1182 734 1373 802; x_wconf 90' lang='lat' dir='ltr'>condicione</span> <span class='ocrx_word' id='word_1_19' title='bbox 1387 736 1585 803; x_wconf 81' lang='lat' dir='ltr'>Philoctetes</span> 
     </span>
     <span class='ocr_line' id='line_1_4' title="bbox 364 840 1585 929; baseline 0.002 -21"><span class='ocrx_word' id='word_1_20' title='bbox 364 848 451 910; x_wconf 91' lang='lat' dir='ltr'>esset</span> <span class='ocrx_word' id='word_1_21' title='bbox 473 840 530 929; x_wconf 89' lang='lat' dir='ltr'>(ef.</span> <span class='ocrx_word' id='word_1_22' title='bbox 556 843 649 908; x_wconf 90' lang='lat' dir='ltr'>Hom.</span> <span class='ocrx_word' id='word_1_23' title='bbox 675 842 694 906; x_wconf 84' lang='grc' dir='ltr'><strong><em>λ</em></strong></span> <span class='ocrx_word' id='word_1_24' title='bbox 716 841 781 907; x_wconf 84' lang='grc'>508</span> <span class='ocrx_word' id='word_1_25' title='bbox 794 840 866 928; x_wconf 83' lang='lat' dir='ltr'>sq).</span> <span class='ocrx_word' id='word_1_26' title='bbox 914 841 1004 908; x_wconf 89' lang='lat' dir='ltr'>Idem</span> <span class='ocrx_word' id='word_1_27' title='bbox 1028 841 1199 908; x_wconf 89' lang='lat' dir='ltr'>dicendum</span> <span class='ocrx_word' id='word_1_28' title='bbox 1224 848 1275 908; x_wconf 89' lang='lat' dir='ltr'>est</span> <span class='ocrx_word' id='word_1_29' title='bbox 1301 842 1341 907; x_wconf 89' lang='lat' dir='ltr'>de</span> <span class='ocrx_word' id='word_1_30' title='bbox 1364 843 1515 910; x_wconf 88' lang='lat' dir='ltr'>uersibus</span> <span class='ocrx_word' id='word_1_31' title='bbox 1538 863 1585 910; x_wconf 91' lang='lat' dir='ltr'>se-</span> 
     </span>
     <span class='ocr_line' id='line_1_5' title="bbox 364 948 1584 1032; baseline 0.001 -17"><span class='ocrx_word' id='word_1_32' title='bbox 364 949 547 1032; x_wconf 89' lang='lat' dir='ltr'>quentihus,</span> <span class='ocrx_word' id='word_1_33' title='bbox 572 950 690 1030; x_wconf 92' lang='lat' dir='ltr'>quibus</span> <span class='ocrx_word' id='word_1_34' title='bbox 707 949 822 1017; x_wconf 78' lang='lat' dir='ltr'>Ulixes</span> <span class='ocrx_word' id='word_1_35' title='bbox 847 968 919 1015; x_wconf 94' lang='lat' dir='ltr'>cum</span> <span class='ocrx_word' id='word_1_36' title='bbox 934 948 1151 1031; x_wconf 84' lang='lat' dir='ltr'>Neoptolemo</span> <span class='ocrx_word' id='word_1_37' title='bbox 1173 949 1346 1015; x_wconf 86' lang='lat' dir='ltr'>consilium</span> <span class='ocrx_word' id='word_1_38' title='bbox 1362 951 1584 1032; x_wconf 83' lang='lat' dir='ltr'>communicat,</span> 
     </span>
     <span class='ocr_line' id='line_1_6' title="bbox 362 1055 1586 1139; baseline 0 -16"><span class='ocrx_word' id='word_1_39' title='bbox 362 1062 535 1139; x_wconf 85' lang='lat' dir='ltr'>postquam</span> <span class='ocrx_word' id='word_1_40' title='bbox 565 1059 606 1123; x_wconf 89' lang='lat' dir='ltr'>ab</span> <span class='ocrx_word' id='word_1_41' title='bbox 631 1056 690 1122; x_wconf 94' lang='lat' dir='ltr'>illo</span> <span class='ocrx_word' id='word_1_42' title='bbox 714 1055 932 1122; x_wconf 82' lang='lat' dir='ltr'>Philoctetam</span> <span class='ocrx_word' id='word_1_43' title='bbox 963 1075 1094 1138; x_wconf 86' lang='lat' dir='ltr'>specum</span> <span class='ocrx_word' id='word_1_44' title='bbox 1125 1056 1299 1137; x_wconf 84' lang='lat' dir='ltr'>reliquisse</span> <span class='ocrx_word' id='word_1_45' title='bbox 1328 1057 1449 1123; x_wconf 83' lang='lat' dir='ltr'>certior</span> <span class='ocrx_word' id='word_1_46' title='bbox 1481 1057 1586 1123; x_wconf 85' lang='lat' dir='ltr'>factus</span> 
     </span>
     <span class='ocr_line' id='line_1_7' title="bbox 364 1163 1584 1247; baseline 0 -17"><span class='ocrx_word' id='word_1_47' title='bbox 364 1169 429 1230; x_wconf 89' lang='lat' dir='ltr'>est:</span> <span class='ocrx_word' id='word_1_48' title='bbox 462 1164 528 1230; x_wconf 93' lang='lat' dir='ltr'>nisi</span> <span class='ocrx_word' id='word_1_49' title='bbox 556 1164 614 1229; x_wconf 93' lang='lat' dir='ltr'>ille</span> <span class='ocrx_word' id='word_1_50' title='bbox 642 1182 701 1246; x_wconf 92' lang='lat' dir='ltr'>per</span> <span class='ocrx_word' id='word_1_51' title='bbox 724 1163 834 1228; x_wconf 92' lang='lat' dir='ltr'>dolum</span> <span class='ocrx_word' id='word_1_52' title='bbox 857 1163 991 1229; x_wconf 78' lang='lat' dir='ltr'>Troiam</span> <span class='ocrx_word' id='word_1_53' title='bbox 1019 1165 1179 1229; x_wconf 88' lang='lat' dir='ltr'>abductus</span> <span class='ocrx_word' id='word_1_54' title='bbox 1203 1163 1261 1246; x_wconf 89' lang='lat' dir='ltr'>sit,</span> <span class='ocrx_word' id='word_1_55' title='bbox 1291 1163 1364 1229; x_wconf 89' lang='lat' dir='ltr'>fieri</span> <span class='ocrx_word' id='word_1_56' title='bbox 1393 1183 1459 1230; x_wconf 93' lang='lat' dir='ltr'>non</span> <span class='ocrx_word' id='word_1_57' title='bbox 1482 1183 1584 1247; x_wconf 89' lang='lat' dir='ltr'>posse,</span> 
     </span>
     <span class='ocr_line' id='line_1_8' title="bbox 362 1271 1508 1354; baseline -0.001 -17"><span class='ocrx_word' id='word_1_58' title='bbox 362 1278 399 1337; x_wconf 91' lang='lat' dir='ltr'>ut</span> <span class='ocrx_word' id='word_1_59' title='bbox 420 1271 653 1354; x_wconf 88' lang='lat' dir='ltr'>Neoptolemus</span> <span class='ocrx_word' id='word_1_60' title='bbox 677 1271 748 1353; x_wconf 90' lang='lat' dir='ltr'>ipse</span> <span class='ocrx_word' id='word_1_61' title='bbox 772 1273 884 1337; x_wconf 89' lang='lat' dir='ltr'>urbem</span> <span class='ocrx_word' id='word_1_62' title='bbox 908 1271 1137 1337; x_wconf 86' lang='lat' dir='ltr'>Dardanorum</span> <span class='ocrx_word' id='word_1_63' title='bbox 1162 1290 1302 1352; x_wconf 89' lang='lat' dir='ltr'>unquam</span> <span class='ocrx_word' id='word_1_64' title='bbox 1327 1279 1508 1354; x_wconf 84' lang='lat' dir='ltr'>expugnet:</span> 
     </span>
    </p>
   </div>
   <div class='ocr_carea' id='block_1_2' title="bbox 408 1401 1405 1600">
    <p class='ocr_par' dir='ltr' id='par_1_3' title="bbox 408 1401 1405 1600">
     <span class='ocr_line' id='line_1_9' title="bbox 408 1401 1353 1495; baseline -0.003 -21"><span class='ocrx_word' id='word_1_65' title='bbox 408 1427 438 1474; x_wconf 90' lang='lat' dir='ltr'>v.</span> <span class='ocrx_word' id='word_1_66' title='bbox 457 1407 604 1473; x_wconf 83' lang='lat'>68—69:</span> <span class='ocrx_word' id='word_1_67' title='bbox 637 1403 668 1472; x_wconf 84' lang='grc' dir='ltr'>εἰ</span> <span class='ocrx_word' id='word_1_68' title='bbox 689 1402 751 1495; x_wconf 81' lang='grc' dir='ltr'>γὰρ</span> <span class='ocrx_word' id='word_1_69' title='bbox 774 1401 816 1470; x_wconf 83' lang='grc' dir='ltr'>τὰ</span> <span class='ocrx_word' id='word_1_70' title='bbox 839 1407 936 1471; x_wconf 82' lang='grc' dir='ltr'><strong><em>τοῦδε</em></strong></span> <span class='ocrx_word' id='word_1_71' title='bbox 958 1402 1039 1489; x_wconf 83' lang='grc' dir='ltr'><strong><em>τόξα</em></strong></span> <span class='ocrx_word' id='word_1_72' title='bbox 1062 1401 1107 1493; x_wconf 77' lang='grc' dir='ltr'>μὴ</span> <span class='ocrx_word' id='word_1_73' title='bbox 1132 1402 1353 1493; x_wconf 68' lang='grc' dir='ltr'><strong><em>ληφθήσεται,</em></strong></span> 
     </span>
     <span class='ocr_line' id='line_1_10' title="bbox 634 1507 1405 1600; baseline 0.001 -22"><span class='ocrx_word' id='word_1_74' title='bbox 634 1509 692 1578; x_wconf 79' lang='grc' dir='ltr'>οὐκ</span> <span class='ocrx_word' id='word_1_75' title='bbox 714 1509 786 1579; x_wconf 80' lang='grc' dir='ltr'><strong><em>ε”οτι</em></strong></span> <span class='ocrx_word' id='word_1_76' title='bbox 809 1510 931 1600; x_wconf 80' lang='grc' dir='ltr'><strong><em>πέρσαι</em></strong></span> <span class='ocrx_word' id='word_1_77' title='bbox 955 1534 1009 1579; x_wconf 88' lang='grc' dir='ltr'>σοι</span> <span class='ocrx_word' id='word_1_78' title='bbox 1031 1509 1070 1578; x_wconf 82' lang='grc' dir='ltr'>τὸ</span> <span class='ocrx_word' id='word_1_79' title='bbox 1093 1507 1270 1599; x_wconf 77' lang='grc' dir='ltr'><strong><em>Δαρδάνου</em></strong></span> <span class='ocrx_word' id='word_1_80' title='bbox 1293 1509 1405 1580; x_wconf 82' lang='grc' dir='ltr'><strong><em>πέδον.</em></strong></span> 
     </span>
    </p>
   </div>
   <div class='ocr_carea' id='block_1_3' title="bbox 320 1647 1585 2181">
    <p class='ocr_par' dir='ltr' id='par_1_4' title="bbox 320 1647 1585 1948">
     <span class='ocr_line' id='line_1_11' title="bbox 452 1647 1585 1730; baseline -0.001 -17"><span class='ocrx_word' id='word_1_81' title='bbox 452 1649 560 1728; x_wconf 87' lang='lat' dir='ltr'>Atque</span> <span class='ocrx_word' id='word_1_82' title='bbox 583 1647 830 1730; x_wconf 89' lang='lat' dir='ltr'>Neoptolemum</span> <span class='ocrx_word' id='word_1_83' title='bbox 854 1665 894 1712; x_wconf 90' lang='lat' dir='ltr'>ne</span> <span class='ocrx_word' id='word_1_84' title='bbox 918 1647 979 1714; x_wconf 91' lang='lat' dir='ltr'>hoc</span> <span class='ocrx_word' id='word_1_85' title='bbox 995 1647 1125 1728; x_wconf 91' lang='lat' dir='ltr'>quidem</span> <span class='ocrx_word' id='word_1_86' title='bbox 1149 1654 1247 1713; x_wconf 90' lang='lat' dir='ltr'>antea</span> <span class='ocrx_word' id='word_1_87' title='bbox 1271 1648 1448 1730; x_wconf 90' lang='lat' dir='ltr'>audivisse,</span> <span class='ocrx_word' id='word_1_88' title='bbox 1474 1649 1585 1728; x_wconf 89' lang='lat' dir='ltr'>quanti</span> 
     </span>
     <span class='ocr_line' id='line_1_12' title="bbox 362 1754 1583 1837; baseline -0.001 -15"><span class='ocrx_word' id='word_1_89' title='bbox 362 1755 515 1822; x_wconf 89' lang='lat' dir='ltr'>momenti</span> <span class='ocrx_word' id='word_1_90' title='bbox 546 1754 690 1837; x_wconf 85' lang='lat' dir='ltr'>sagittae</span> <span class='ocrx_word' id='word_1_91' title='bbox 714 1761 812 1834; x_wconf 93' lang='lat' dir='ltr'>atque</span> <span class='ocrx_word' id='word_1_92' title='bbox 843 1774 939 1821; x_wconf 91' lang='lat' dir='ltr'>arcus</span> <span class='ocrx_word' id='word_1_93' title='bbox 962 1755 1167 1821; x_wconf 87' lang='lat' dir='ltr'>Philoctetae</span> <span class='ocrx_word' id='word_1_94' title='bbox 1197 1755 1263 1822; x_wconf 89' lang='lat' dir='ltr'>sihi</span> <span class='ocrx_word' id='word_1_95' title='bbox 1292 1763 1413 1837; x_wconf 89' lang='lat' dir='ltr'>essent,</span> <span class='ocrx_word' id='word_1_96' title='bbox 1447 1757 1583 1821; x_wconf 83' lang='lat' dir='ltr'>etiamr</span> 
     </span>
     <span class='ocr_line' id='line_1_13' title="bbox 320 1861 1449 1948; baseline -0.003 -19"><span class='ocrx_word' id='word_1_97' title='bbox 320 1880 323 1884; x_wconf 89' lang='grc'>·</span> <span class='ocrx_word' id='word_1_98' title='bbox 363 1862 514 1929; x_wconf 89' lang='lat' dir='ltr'>versibus</span> <span class='ocrx_word' id='word_1_99' title='bbox 538 1861 590 1927; x_wconf 90' lang='lat' dir='ltr'>his</span> <span class='ocrx_word' id='word_1_100' title='bbox 614 1867 762 1944; x_wconf 91' lang='lat' dir='ltr'>apparet,</span> <span class='ocrx_word' id='word_1_101' title='bbox 788 1861 906 1941; x_wconf 91' lang='lat' dir='ltr'>quihus</span> <span class='ocrx_word' id='word_1_102' title='bbox 930 1862 1061 1928; x_wconf 83' lang='lat' dir='ltr'>Ulixem</span> <span class='ocrx_word' id='word_1_103' title='bbox 1086 1862 1271 1944; x_wconf 89' lang='lat' dir='ltr'>interrogat</span> <span class='ocrx_word' id='word_1_104' title='bbox 1294 1862 1449 1948; x_wconf 86' lang='lat' dir='ltr'>(v.104):</span> 
     </span>
    </p>

    <p class='ocr_par' dir='ltr' id='par_1_5' title="bbox 365 1982 1446 2181">
     <span class='ocr_line' id='line_1_14' title="bbox 629 1982 1317 2074; baseline 0 -22"><span class='ocrx_word' id='word_1_105' title='bbox 629 1983 733 2062; x_wconf 77' lang='grc' dir='ltr'><strong><em>οὕτως</em></strong></span> <span class='ocrx_word' id='word_1_106' title='bbox 756 1982 822 2066; x_wconf 84' lang='grc' dir='ltr'><em>ε”χει</em></span> <span class='ocrx_word' id='word_1_107' title='bbox 845 2011 878 2052; x_wconf 82' lang='grc' dir='ltr'>τι</span> <span class='ocrx_word' id='word_1_108' title='bbox 902 1983 1010 2052; x_wconf 83' lang='grc' dir='ltr'><strong><em>δεινὸν</em></strong></span> <span class='ocrx_word' id='word_1_109' title='bbox 1035 1984 1147 2067; x_wconf 84' lang='grc' dir='ltr'><strong><em>ἰσχύος</em></strong></span> <span class='ocrx_word' id='word_1_110' title='bbox 1169 1984 1317 2074; x_wconf 48' lang='lat' dir='ltr'>dedeo&amp;</span> 
     </span>
     <span class='ocr_line' id='line_1_15' title="bbox 365 2089 1446 2181; baseline -0.001 -20"><span class='ocrx_word' id='word_1_111' title='bbox 365 2095 605 2176; x_wconf 79' lang='lat' dir='ltr'>atquev.112:</span> <span class='ocrx_word' id='word_1_112' title='bbox 630 2091 745 2181; x_wconf 82' lang='grc' dir='ltr'><strong><em>κέρδος</em></strong></span> <span class='ocrx_word' id='word_1_113' title='bbox 768 2089 798 2160; x_wconf 82' lang='grc' dir='ltr'>δ’</span> <span class='ocrx_word' id='word_1_114' title='bbox 814 2091 888 2176; x_wconf 77' lang='grc' dir='ltr'><strong><em>ἐμοὶ</em></strong></span> <span class='ocrx_word' id='word_1_115' title='bbox 910 2090 945 2158; x_wconf 82' lang='grc' dir='ltr'>τί</span> <span class='ocrx_word' id='word_1_116' title='bbox 967 2095 1084 2159; x_wconf 75' lang='grc' dir='ltr'><strong><em>τοῦτον</em></strong></span> <span class='ocrx_word' id='word_1_117' title='bbox 1108 2091 1141 2170; x_wconf 80' lang='grc' dir='ltr'>ἐς</span> <span class='ocrx_word' id='word_1_118' title='bbox 1169 2091 1290 2180; x_wconf 75' lang='grc' dir='ltr'><strong><em>Τροίαν</em></strong></span> <span class='ocrx_word' id='word_1_119' title='bbox 1313 2094 1446 2177; x_wconf 63' lang='lat' dir='ltr'>prolalae</span> 
     </span>
    </p>
   </div>
   <div class='ocr_carea' id='block_1_4' title="bbox 361 2237 1585 4578">
    <p class='ocr_par' dir='ltr' id='par_1_6' title="bbox 361 2237 1584 2964">
     <span class='ocr_line' id='line_1_16' title="bbox 451 2237 1583 2320; baseline 0.001 -16"><span class='ocrx_word' id='word_1_120' title='bbox 451 2237 564 2318; x_wconf 89' lang='lat' dir='ltr'>Neque</span> <span class='ocrx_word' id='word_1_121' title='bbox 593 2237 685 2304; x_wconf 88' lang='lat' dir='ltr'>aliud</span> <span class='ocrx_word' id='word_1_122' title='bbox 712 2238 830 2304; x_wconf 87' lang='lat' dir='ltr'>docent</span> <span class='ocrx_word' id='word_1_123' title='bbox 852 2256 967 2304; x_wconf 90' lang='lat' dir='ltr'>versus</span> <span class='ocrx_word' id='word_1_124' title='bbox 994 2239 1066 2320; x_wconf 88' lang='grc'><strong>113,</strong></span> <span class='ocrx_word' id='word_1_125' title='bbox 1094 2237 1339 2304; x_wconf 83' lang='lat' dir='ltr'>114-15a1ii.</span> <span class='ocrx_word' id='word_1_126' title='bbox 1386 2237 1452 2305; x_wconf 80' lang='lat' dir='ltr'>Gur</span> <span class='ocrx_word' id='word_1_127' title='bbox 1479 2245 1583 2305; x_wconf 69' lang='lat' dir='ltr'>eumn</span> 
     </span>
     <span class='ocr_line' id='line_1_17' title="bbox 361 2344 1583 2429; baseline -0.001 -16"><span class='ocrx_word' id='word_1_128' title='bbox 361 2344 593 2429; x_wconf 89' lang='lat' dir='ltr'>Neoptolemus</span> <span class='ocrx_word' id='word_1_129' title='bbox 617 2345 749 2412; x_wconf 84' lang='lat' dir='ltr'>Ulixem</span> <span class='ocrx_word' id='word_1_130' title='bbox 771 2345 930 2411; x_wconf 89' lang='lat' dir='ltr'>Lemnum</span> <span class='ocrx_word' id='word_1_131' title='bbox 958 2350 1089 2411; x_wconf 90' lang='lat' dir='ltr'>secutus</span> <span class='ocrx_word' id='word_1_132' title='bbox 1117 2351 1180 2427; x_wconf 89' lang='lat' dir='ltr'>est,</span> <span class='ocrx_word' id='word_1_133' title='bbox 1212 2345 1278 2411; x_wconf 91' lang='lat' dir='ltr'>nisi</span> <span class='ocrx_word' id='word_1_134' title='bbox 1307 2353 1343 2411; x_wconf 93' lang='lat' dir='ltr'>ut</span> <span class='ocrx_word' id='word_1_135' title='bbox 1373 2364 1485 2412; x_wconf 89' lang='lat' dir='ltr'>arcum</span> <span class='ocrx_word' id='word_1_136' title='bbox 1508 2346 1583 2412; x_wconf 93' lang='lat' dir='ltr'>Phi-</span> 
     </span>
     <span class='ocr_line' id='line_1_18' title="bbox 361 2451 1584 2534; baseline -0.001 -16"><span class='ocrx_word' id='word_1_137' title='bbox 361 2453 502 2519; x_wconf 91' lang='lat' dir='ltr'>loctetae</span> <span class='ocrx_word' id='word_1_138' title='bbox 518 2451 687 2518; x_wconf 82' lang='lat' dir='ltr'>auferret?</span> <span class='ocrx_word' id='word_1_139' title='bbox 727 2452 829 2533; x_wconf 86' lang='lat' dir='ltr'>Atqui</span> <span class='ocrx_word' id='word_1_140' title='bbox 853 2471 911 2518; x_wconf 90' lang='lat' dir='ltr'>cur</span> <span class='ocrx_word' id='word_1_141' title='bbox 927 2452 1105 2534; x_wconf 87' lang='lat' dir='ltr'>Sophocles</span> <span class='ocrx_word' id='word_1_142' title='bbox 1128 2452 1220 2519; x_wconf 92' lang='lat' dir='ltr'>illum</span> <span class='ocrx_word' id='word_1_143' title='bbox 1244 2452 1452 2519; x_wconf 88' lang='lat' dir='ltr'>simulantem</span> <span class='ocrx_word' id='word_1_144' title='bbox 1469 2451 1584 2519; x_wconf 89' lang='lat' dir='ltr'>fecerit</span> 
     </span>
     <span class='ocr_line' id='line_1_19' title="bbox 363 2558 1583 2642; baseline -0.001 -15"><span class='ocrx_word' id='word_1_145' title='bbox 363 2579 398 2627; x_wconf 90' lang='lat' dir='ltr'>se</span> <span class='ocrx_word' id='word_1_146' title='bbox 422 2579 526 2640; x_wconf 88' lang='lat' dir='ltr'>neque</span> <span class='ocrx_word' id='word_1_147' title='bbox 550 2558 717 2625; x_wconf 87' lang='lat' dir='ltr'>fortunam</span> <span class='ocrx_word' id='word_1_148' title='bbox 732 2559 937 2625; x_wconf 88' lang='lat' dir='ltr'>Philoctetae</span> <span class='ocrx_word' id='word_1_149' title='bbox 961 2579 1065 2640; x_wconf 88' lang='lat' dir='ltr'>neque</span> <span class='ocrx_word' id='word_1_150' title='bbox 1080 2559 1149 2626; x_wconf 86' lang='lat' dir='ltr'>uim</span> <span class='ocrx_word' id='word_1_151' title='bbox 1171 2559 1369 2642; x_wconf 87' lang='lat' dir='ltr'>sagittarum</span> <span class='ocrx_word' id='word_1_152' title='bbox 1393 2559 1464 2626; x_wconf 91' lang='lat' dir='ltr'>eius</span> <span class='ocrx_word' id='word_1_153' title='bbox 1481 2579 1583 2639; x_wconf 90' lang='lat' dir='ltr'>nosse,</span> 
     </span>
     <span class='ocr_line' id='line_1_20' title="bbox 362 2666 1584 2752; baseline -0.001 -19"><span class='ocrx_word' id='word_1_154' title='bbox 362 2687 404 2734; x_wconf 91' lang='lat' dir='ltr'>ex</span> <span class='ocrx_word' id='word_1_155' title='bbox 435 2667 478 2733; x_wconf 89' lang='lat' dir='ltr'>iis</span> <span class='ocrx_word' id='word_1_156' title='bbox 505 2686 589 2747; x_wconf 89' lang='lat' dir='ltr'>quae</span> <span class='ocrx_word' id='word_1_157' title='bbox 619 2686 719 2749; x_wconf 89' lang='lat' dir='ltr'>supra</span> <span class='ocrx_word' id='word_1_158' title='bbox 750 2666 821 2732; x_wconf 89' lang='lat' dir='ltr'>dixi</span> <span class='ocrx_word' id='word_1_159' title='bbox 850 2667 933 2733; x_wconf 89' lang='lat' dir='ltr'>satis</span> <span class='ocrx_word' id='word_1_160' title='bbox 966 2686 1126 2749; x_wconf 89' lang='lat' dir='ltr'>apparere</span> <span class='ocrx_word' id='word_1_161' title='bbox 1156 2667 1237 2733; x_wconf 91' lang='lat' dir='ltr'>mihi</span> <span class='ocrx_word' id='word_1_162' title='bbox 1265 2667 1403 2734; x_wconf 90' lang='lat' dir='ltr'>videtur.</span> <span class='ocrx_word' id='word_1_163' title='bbox 1450 2667 1584 2752; x_wconf 83' lang='lat' dir='ltr'>Quare</span> 
     </span>
     <span class='ocr_line' id='line_1_21' title="bbox 362 2774 1584 2857; baseline 0 -17"><span class='ocrx_word' id='word_1_164' title='bbox 362 2780 460 2857; x_wconf 90' lang='lat' dir='ltr'>poeta</span> <span class='ocrx_word' id='word_1_165' title='bbox 499 2774 618 2857; x_wconf 83' lang='lat' dir='ltr'>elficit,</span> <span class='ocrx_word' id='word_1_166' title='bbox 658 2781 694 2840; x_wconf 89' lang='lat' dir='ltr'>ut</span> <span class='ocrx_word' id='word_1_167' title='bbox 732 2780 934 2857; x_wconf 88' lang='lat' dir='ltr'>spectatores</span> <span class='ocrx_word' id='word_1_168' title='bbox 978 2776 1018 2840; x_wconf 90' lang='lat' dir='ltr'>de</span> <span class='ocrx_word' id='word_1_169' title='bbox 1056 2776 1153 2841; x_wconf 89' lang='lat' dir='ltr'>rebus</span> <span class='ocrx_word' id='word_1_170' title='bbox 1192 2774 1349 2840; x_wconf 88' lang='lat' dir='ltr'>certiores</span> <span class='ocrx_word' id='word_1_171' title='bbox 1387 2774 1468 2840; x_wconf 90' lang='lat' dir='ltr'>fiant</span> <span class='ocrx_word' id='word_1_172' title='bbox 1507 2792 1584 2855; x_wconf 88' lang='lat' dir='ltr'>quas</span> 
     </span>
     <span class='ocr_line' id='line_1_22' title="bbox 363 2881 1527 2964; baseline -0.003 -15"><span class='ocrx_word' id='word_1_173' title='bbox 363 2883 448 2963; x_wconf 90' lang='lat' dir='ltr'>quod</span> <span class='ocrx_word' id='word_1_174' title='bbox 472 2886 571 2948; x_wconf 90' lang='lat' dir='ltr'>antea</span> <span class='ocrx_word' id='word_1_175' title='bbox 593 2887 687 2947; x_wconf 90' lang='lat' dir='ltr'>actae</span> <span class='ocrx_word' id='word_1_176' title='bbox 711 2887 815 2964; x_wconf 89' lang='lat' dir='ltr'>erant,</span> <span class='ocrx_word' id='word_1_177' title='bbox 840 2881 883 2947; x_wconf 92' lang='lat' dir='ltr'>iis</span> <span class='ocrx_word' id='word_1_178' title='bbox 907 2888 984 2947; x_wconf 91' lang='lat' dir='ltr'>ante</span> <span class='ocrx_word' id='word_1_179' title='bbox 1008 2881 1118 2949; x_wconf 89' lang='lat' dir='ltr'>oculos</span> <span class='ocrx_word' id='word_1_180' title='bbox 1142 2900 1262 2964; x_wconf 93' lang='lat' dir='ltr'>ponere</span> <span class='ocrx_word' id='word_1_181' title='bbox 1285 2901 1350 2948; x_wconf 92' lang='lat' dir='ltr'>non</span> <span class='ocrx_word' id='word_1_182' title='bbox 1374 2882 1527 2964; x_wconf 90' lang='lat' dir='ltr'>potuerit.</span> 
     </span>
    </p>

    <p class='ocr_par' dir='ltr' id='par_1_7' title="bbox 362 2987 1585 3504">
     <span class='ocr_line' id='line_1_23' title="bbox 451 2987 1583 3071; baseline 0 -18"><span class='ocrx_word' id='word_1_183' title='bbox 451 2988 524 3071; x_wconf 82' lang='lat' dir='ltr'>Qua</span> <span class='ocrx_word' id='word_1_184' title='bbox 548 3007 568 3053; x_wconf 93' lang='lat' dir='ltr'>a</span> <span class='ocrx_word' id='word_1_185' title='bbox 590 2988 720 3054; x_wconf 90' lang='lat' dir='ltr'>ratione</span> <span class='ocrx_word' id='word_1_186' title='bbox 744 2989 898 3054; x_wconf 87' lang='lat' dir='ltr'>dissentit</span> <span class='ocrx_word' id='word_1_187' title='bbox 921 2988 1077 3070; x_wconf 87' lang='lat' dir='ltr'>prologus</span> <span class='ocrx_word' id='word_1_188' title='bbox 1101 2988 1242 3071; x_wconf 89' lang='lat' dir='ltr'>Oedipi</span> <span class='ocrx_word' id='word_1_189' title='bbox 1266 2987 1440 3071; x_wconf 81' lang='lat' dir='ltr'>Colonei,</span> <span class='ocrx_word' id='word_1_190' title='bbox 1466 2990 1501 3054; x_wconf 93' lang='lat' dir='ltr'>in</span> <span class='ocrx_word' id='word_1_191' title='bbox 1525 3008 1583 3069; x_wconf 95' lang='lat' dir='ltr'>quo</span> 
     </span>
     <span class='ocr_line' id='line_1_24' title="bbox 363 3095 1583 3179; baseline -0.002 -17"><span class='ocrx_word' id='word_1_192' title='bbox 363 3101 564 3179; x_wconf 87' lang='lat' dir='ltr'>spectatores</span> <span class='ocrx_word' id='word_1_193' title='bbox 581 3096 741 3178; x_wconf 92' lang='lat' dir='ltr'>Oedipum</span> <span class='ocrx_word' id='word_1_194' title='bbox 765 3095 799 3161; x_wconf 92' lang='lat' dir='ltr'>in</span> <span class='ocrx_word' id='word_1_195' title='bbox 823 3114 954 3162; x_wconf 87' lang='lat' dir='ltr'>nemore</span> <span class='ocrx_word' id='word_1_196' title='bbox 969 3095 1186 3162; x_wconf 79' lang='lat' dir='ltr'>Eumenidum</span> <span class='ocrx_word' id='word_1_197' title='bbox 1209 3095 1402 3162; x_wconf 92' lang='lat' dir='ltr'>moriturum</span> <span class='ocrx_word' id='word_1_198' title='bbox 1426 3114 1500 3163; x_wconf 89' lang='lat' dir='ltr'>esse</span> <span class='ocrx_word' id='word_1_199' title='bbox 1523 3114 1583 3162; x_wconf 91' lang='lat' dir='ltr'>non</span> 
     </span>
     <span class='ocr_line' id='line_1_25' title="bbox 363 3203 1585 3286; baseline -0.002 -17"><span class='ocrx_word' id='word_1_200' title='bbox 363 3222 400 3269; x_wconf 92' lang='lat' dir='ltr'>eo</span> <span class='ocrx_word' id='word_1_201' title='bbox 424 3204 641 3286; x_wconf 89' lang='lat' dir='ltr'>comperiunt,</span> <span class='ocrx_word' id='word_1_202' title='bbox 671 3205 756 3284; x_wconf 93' lang='lat' dir='ltr'>quod</span> <span class='ocrx_word' id='word_1_203' title='bbox 784 3204 842 3269; x_wconf 91' lang='lat' dir='ltr'>ille</span> <span class='ocrx_word' id='word_1_204' title='bbox 866 3223 937 3269; x_wconf 94' lang='lat' dir='ltr'>cum</span> <span class='ocrx_word' id='word_1_205' title='bbox 962 3203 1130 3286; x_wconf 88' lang='lat' dir='ltr'>Antigona</span> <span class='ocrx_word' id='word_1_206' title='bbox 1157 3223 1244 3270; x_wconf 88' lang='lat' dir='ltr'>nune</span> <span class='ocrx_word' id='word_1_207' title='bbox 1271 3204 1397 3270; x_wconf 89' lang='lat' dir='ltr'>demum</span> <span class='ocrx_word' id='word_1_208' title='bbox 1421 3203 1585 3270; x_wconf 89' lang='lat' dir='ltr'>oraculum</span> 
     </span>
     <span class='ocr_line' id='line_1_26' title="bbox 363 3310 1585 3394; baseline -0.002 -18"><span class='ocrx_word' id='word_1_209' title='bbox 363 3311 415 3376; x_wconf 88' lang='lat' dir='ltr'>dei</span> <span class='ocrx_word' id='word_1_210' title='bbox 451 3310 680 3392; x_wconf 87' lang='lat' dir='ltr'>communicat,</span> <span class='ocrx_word' id='word_1_211' title='bbox 720 3312 778 3377; x_wconf 92' lang='lat' dir='ltr'>sed</span> <span class='ocrx_word' id='word_1_212' title='bbox 814 3310 1050 3377; x_wconf 81' lang='lat' dir='ltr'>Eumenidibus</span> <span class='ocrx_word' id='word_1_213' title='bbox 1090 3310 1268 3394; x_wconf 90' lang='lat' dir='ltr'>supplicat,</span> <span class='ocrx_word' id='word_1_214' title='bbox 1308 3316 1345 3376; x_wconf 92' lang='lat' dir='ltr'>ut</span> <span class='ocrx_word' id='word_1_215' title='bbox 1381 3329 1467 3377; x_wconf 91' lang='lat' dir='ltr'>nunc</span> <span class='ocrx_word' id='word_1_216' title='bbox 1507 3328 1585 3392; x_wconf 90' lang='lat' dir='ltr'>quae</span> 
     </span>
     <span class='ocr_line' id='line_1_27' title="bbox 362 3416 1186 3504; baseline 0 -22"><span class='ocrx_word' id='word_1_217' title='bbox 362 3416 482 3499; x_wconf 84' lang='lat' dir='ltr'>Apollo</span> <span class='ocrx_word' id='word_1_218' title='bbox 507 3417 708 3484; x_wconf 89' lang='lat' dir='ltr'>vaticinatus</span> <span class='ocrx_word' id='word_1_219' title='bbox 731 3419 777 3484; x_wconf 91' lang='lat' dir='ltr'>sit</span> <span class='ocrx_word' id='word_1_220' title='bbox 799 3417 974 3500; x_wconf 86' lang='lat' dir='ltr'>perficiant</span> <span class='ocrx_word' id='word_1_221' title='bbox 998 3416 1040 3503; x_wconf 92' lang='lat' dir='ltr'>(v.</span> <span class='ocrx_word' id='word_1_222' title='bbox 1059 3419 1101 3483; x_wconf 92' lang='grc'>84</span> <span class='ocrx_word' id='word_1_223' title='bbox 1114 3417 1186 3504; x_wconf 86' lang='lat' dir='ltr'>sq).</span> 
     </span>
    </p>

    <p class='ocr_par' dir='ltr' id='par_1_8' title="bbox 362 3523 1585 4578">
     <span class='ocr_line' id='line_1_28' title="bbox 452 3523 1585 3610; baseline 0.001 -21"><span class='ocrx_word' id='word_1_224' title='bbox 452 3524 516 3590; x_wconf 84' lang='lat' dir='ltr'>Sed</span> <span class='ocrx_word' id='word_1_225' title='bbox 544 3523 720 3607; x_wconf 85' lang='lat' dir='ltr'>Sophocles</span> <span class='ocrx_word' id='word_1_226' title='bbox 751 3525 850 3591; x_wconf 89' lang='lat' dir='ltr'>etiam</span> <span class='ocrx_word' id='word_1_227' title='bbox 881 3544 944 3590; x_wconf 89' lang='lat' dir='ltr'>res</span> <span class='ocrx_word' id='word_1_228' title='bbox 975 3543 1070 3606; x_wconf 91' lang='lat' dir='ltr'>quas</span> <span class='ocrx_word' id='word_1_229' title='bbox 1098 3525 1160 3592; x_wconf 89' lang='lat' dir='ltr'>uel</span> <span class='ocrx_word' id='word_1_230' title='bbox 1191 3525 1308 3591; x_wconf 90' lang='lat' dir='ltr'>semel</span> <span class='ocrx_word' id='word_1_231' title='bbox 1337 3525 1400 3591; x_wconf 89' lang='lat' dir='ltr'>vel</span> <span class='ocrx_word' id='word_1_232' title='bbox 1429 3525 1585 3610; x_wconf 90' lang='lat' dir='ltr'>saepius</span> 
     </span>
     <span class='ocr_line' id='line_1_29' title="bbox 363 3631 1584 3715; baseline -0.001 -18"><span class='ocrx_word' id='word_1_233' title='bbox 363 3636 453 3697; x_wconf 90' lang='lat' dir='ltr'>ante</span> <span class='ocrx_word' id='word_1_234' title='bbox 476 3631 577 3697; x_wconf 91' lang='lat' dir='ltr'>hunc</span> <span class='ocrx_word' id='word_1_235' title='bbox 593 3631 691 3697; x_wconf 91' lang='lat' dir='ltr'>diem</span> <span class='ocrx_word' id='word_1_236' title='bbox 721 3638 831 3698; x_wconf 89' lang='lat' dir='ltr'>actas</span> <span class='ocrx_word' id='word_1_237' title='bbox 855 3650 940 3699; x_wconf 90' lang='lat' dir='ltr'>esse</span> <span class='ocrx_word' id='word_1_238' title='bbox 956 3652 1149 3715; x_wconf 87' lang='lat' dir='ltr'>personae</span> <span class='ocrx_word' id='word_1_239' title='bbox 1173 3632 1283 3715; x_wconf 89' lang='lat' dir='ltr'>ipsae</span> <span class='ocrx_word' id='word_1_240' title='bbox 1308 3637 1584 3715; x_wconf 89' lang='lat' dir='ltr'>exposuerunt,</span> 
     </span>
     <span class='ocr_line' id='line_1_30' title="bbox 362 3738 1584 3824; baseline 0 -20"><span class='ocrx_word' id='word_1_241' title='bbox 362 3739 432 3805; x_wconf 95' lang='lat' dir='ltr'>hoc</span> <span class='ocrx_word' id='word_1_242' title='bbox 471 3738 532 3804; x_wconf 88' lang='lat' dir='ltr'>die</span> <span class='ocrx_word' id='word_1_243' title='bbox 571 3739 692 3806; x_wconf 91' lang='lat' dir='ltr'>denuo</span> <span class='ocrx_word' id='word_1_244' title='bbox 732 3739 1027 3822; x_wconf 90' lang='lat' dir='ltr'>spectatoribus</span> <span class='ocrx_word' id='word_1_245' title='bbox 1066 3745 1156 3806; x_wconf 90' lang='lat' dir='ltr'>ante</span> <span class='ocrx_word' id='word_1_246' title='bbox 1192 3740 1325 3807; x_wconf 90' lang='lat' dir='ltr'>oeulos</span> <span class='ocrx_word' id='word_1_247' title='bbox 1361 3739 1488 3824; x_wconf 91' lang='lat' dir='ltr'>ponit,</span> <span class='ocrx_word' id='word_1_248' title='bbox 1526 3757 1584 3821; x_wconf 90' lang='lat' dir='ltr'>quo</span> 
     </span>
     <span class='ocr_line' id='line_1_31' title="bbox 362 3845 1585 3930; baseline -0.003 -18"><span class='ocrx_word' id='word_1_249' title='bbox 362 3845 469 3929; x_wconf 89' lang='lat' dir='ltr'>magis</span> <span class='ocrx_word' id='word_1_250' title='bbox 493 3852 765 3913; x_wconf 87' lang='lat' dir='ltr'>commoveantur.</span> <span class='ocrx_word' id='word_1_251' title='bbox 806 3847 906 3914; x_wconf 83' lang='lat' dir='ltr'>Cuius</span> <span class='ocrx_word' id='word_1_252' title='bbox 930 3847 979 3913; x_wconf 89' lang='lat' dir='ltr'>rei</span> <span class='ocrx_word' id='word_1_253' title='bbox 995 3847 1228 3930; x_wconf 89' lang='lat' dir='ltr'>gravissimum</span> <span class='ocrx_word' id='word_1_254' title='bbox 1252 3846 1434 3929; x_wconf 90' lang='lat' dir='ltr'>exemplum</span> <span class='ocrx_word' id='word_1_255' title='bbox 1453 3848 1585 3930; x_wconf 89' lang='lat' dir='ltr'>praebet</span> 
     </span>
     <span class='ocr_line' id='line_1_32' title="bbox 363 3953 1584 4037; baseline -0.001 -19"><span class='ocrx_word' id='word_1_256' title='bbox 363 3953 526 4019; x_wconf 78' lang='lat' dir='ltr'>Electra</span> <span class='ocrx_word' id='word_1_257' title='bbox 556 3953 680 4021; x_wconf 84' lang='lat' dir='ltr'>fabula.</span> <span class='ocrx_word' id='word_1_258' title='bbox 728 3955 847 4021; x_wconf 90' lang='lat' dir='ltr'>Verbis</span> <span class='ocrx_word' id='word_1_259' title='bbox 879 3955 965 4021; x_wconf 91' lang='lat' dir='ltr'>euim</span> <span class='ocrx_word' id='word_1_260' title='bbox 998 3962 1031 4020; x_wconf 92' lang='lat' dir='ltr'>et</span> <span class='ocrx_word' id='word_1_261' title='bbox 1061 3955 1215 4020; x_wconf 81' lang='lat' dir='ltr'>Electrae</span> <span class='ocrx_word' id='word_1_262' title='bbox 1248 3954 1352 4037; x_wconf 90' lang='lat' dir='ltr'>ipsius</span> <span class='ocrx_word' id='word_1_263' title='bbox 1386 3973 1459 4020; x_wconf 91' lang='lat' dir='ltr'>cum</span> <span class='ocrx_word' id='word_1_264' title='bbox 1491 3955 1584 4021; x_wconf 89' lang='lat' dir='ltr'>choro</span> 
     </span>
     <span class='ocr_line' id='line_1_33' title="bbox 363 4059 1585 4148; baseline -0.002 -21"><span class='ocrx_word' id='word_1_265' title='bbox 363 4060 579 4142; x_wconf 89' lang='lat' dir='ltr'>colloquentis</span> <span class='ocrx_word' id='word_1_266' title='bbox 603 4059 646 4147; x_wconf 89' lang='lat' dir='ltr'>(v.</span> <span class='ocrx_word' id='word_1_267' title='bbox 666 4061 853 4148; x_wconf 74' lang='lat' dir='ltr'>rut-250)</span> <span class='ocrx_word' id='word_1_268' title='bbox 878 4068 910 4129; x_wconf 91' lang='lat' dir='ltr'>et</span> <span class='ocrx_word' id='word_1_269' title='bbox 933 4061 1192 4147; x_wconf 81' lang='lat' dir='ltr'>Clytaemestrae</span> <span class='ocrx_word' id='word_1_270' title='bbox 1220 4061 1312 4128; x_wconf 92' lang='lat' dir='ltr'>illam</span> <span class='ocrx_word' id='word_1_271' title='bbox 1335 4061 1419 4128; x_wconf 91' lang='lat' dir='ltr'>nihil</span> <span class='ocrx_word' id='word_1_272' title='bbox 1442 4065 1585 4144; x_wconf 91' lang='lat' dir='ltr'>praeter-</span> 
     </span>
     <span class='ocr_line' id='line_1_34' title="bbox 363 4167 1584 4251; baseline -0.001 -18"><span class='ocrx_word' id='word_1_273' title='bbox 363 4167 494 4234; x_wconf 90' lang='lat' dir='ltr'>mittere</span> <span class='ocrx_word' id='word_1_274' title='bbox 524 4169 749 4251; x_wconf 88' lang='lat' dir='ltr'>cognoscimus</span> <span class='ocrx_word' id='word_1_275' title='bbox 778 4170 855 4251; x_wconf 92' lang='lat' dir='ltr'>quin</span> <span class='ocrx_word' id='word_1_276' title='bbox 887 4170 985 4236; x_wconf 90' lang='lat' dir='ltr'>matri</span> <span class='ocrx_word' id='word_1_277' title='bbox 1016 4169 1147 4236; x_wconf 89' lang='lat' dir='ltr'>crimini</span> <span class='ocrx_word' id='word_1_278' title='bbox 1177 4169 1317 4251; x_wconf 89' lang='lat' dir='ltr'>tribuat,</span> <span class='ocrx_word' id='word_1_279' title='bbox 1349 4169 1434 4249; x_wconf 90' lang='lat' dir='ltr'>quod</span> <span class='ocrx_word' id='word_1_280' title='bbox 1462 4175 1584 4251; x_wconf 88' lang='lat' dir='ltr'>patrem</span> 
     </span>
     <span class='ocr_line' id='line_1_35' title="bbox 363 4274 1585 4360; baseline 0.001 -22"><span class='ocrx_word' id='word_1_281' title='bbox 363 4274 581 4342; x_wconf 80' lang='lat' dir='ltr'>interfecerit.</span> <span class='ocrx_word' id='word_1_282' title='bbox 628 4277 713 4343; x_wconf 90' lang='lat' dir='ltr'>Nam</span> <span class='ocrx_word' id='word_1_283' title='bbox 743 4285 778 4344; x_wconf 89' lang='lat' dir='ltr'>ut</span> <span class='ocrx_word' id='word_1_284' title='bbox 805 4278 962 4344; x_wconf 89' lang='lat' dir='ltr'>nonnulla</span> <span class='ocrx_word' id='word_1_285' title='bbox 990 4278 1127 4344; x_wconf 81' lang='lat' dir='ltr'>afferam</span> <span class='ocrx_word' id='word_1_286' title='bbox 1157 4276 1320 4359; x_wconf 88' lang='lat' dir='ltr'>exempla,</span> <span class='ocrx_word' id='word_1_287' title='bbox 1350 4275 1585 4360; x_wconf 80' lang='lat' dir='ltr'>Clytaemestra</span> 
     </span>
     <span class='ocr_line' id='line_1_36' title="bbox 363 4380 1584 4467; baseline -0.001 -20"><span class='ocrx_word' id='word_1_288' title='bbox 363 4381 467 4448; x_wconf 90' lang='lat' dir='ltr'>filiam</span> <span class='ocrx_word' id='word_1_289' title='bbox 491 4383 616 4465; x_wconf 90' lang='lat' dir='ltr'>arguit,</span> <span class='ocrx_word' id='word_1_290' title='bbox 649 4384 734 4464; x_wconf 90' lang='lat' dir='ltr'>quod</span> <span class='ocrx_word' id='word_1_291' title='bbox 758 4402 830 4450; x_wconf 92' lang='lat' dir='ltr'>cum</span> <span class='ocrx_word' id='word_1_292' title='bbox 855 4391 953 4451; x_wconf 88' lang='lat' dir='ltr'>antea</span> <span class='ocrx_word' id='word_1_293' title='bbox 982 4385 1071 4450; x_wconf 89' lang='lat' dir='ltr'>intra</span> <span class='ocrx_word' id='word_1_294' title='bbox 1093 4383 1219 4467; x_wconf 88' lang='lat' dir='ltr'>regiam</span> <span class='ocrx_word' id='word_1_295' title='bbox 1248 4389 1375 4449; x_wconf 90' lang='lat' dir='ltr'>tantum</span> <span class='ocrx_word' id='word_1_296' title='bbox 1398 4381 1466 4466; x_wconf 92' lang='lat' dir='ltr'>ipsi</span> <span class='ocrx_word' id='word_1_297' title='bbox 1488 4380 1584 4448; x_wconf 89' lang='lat' dir='ltr'>male-</span> 
     </span>
     <span class='ocr_line' id='line_1_37' title="bbox 364 4489 1131 4578; baseline 0.001 -23"><span class='ocrx_word' id='word_1_298' title='bbox 364 4489 512 4570; x_wconf 89' lang='lat' dir='ltr'>dixisset,</span> <span class='ocrx_word' id='word_1_299' title='bbox 539 4491 605 4555; x_wconf 91' lang='lat' dir='ltr'>iam</span> <span class='ocrx_word' id='word_1_300' title='bbox 629 4489 720 4557; x_wconf 83' lang='lat' dir='ltr'>foras</span> <span class='ocrx_word' id='word_1_301' title='bbox 745 4491 864 4558; x_wconf 88' lang='lat' dir='ltr'>exierit</span> <span class='ocrx_word' id='word_1_302' title='bbox 888 4491 930 4578; x_wconf 91' lang='lat' dir='ltr'>(v.</span> <span class='ocrx_word' id='word_1_303' title='bbox 949 4492 1131 4578; x_wconf 81' lang='lat'>520—26):</span> 
     </span>
    </p>
   </div>
   <div class='ocr_carea' id='block_1_5' title="bbox 0 0 1727 5324">
    <p class='ocr_par' dir='ltr' id='par_1_9' title="bbox 0 0 1727 5324">
     <span class='ocr_line' id='line_1_38' title="bbox 0 0 1727 5324; baseline 0 0"><span class='ocrx_word' id='word_1_304' title='bbox 0 0 1727 5324; x_wconf 95' lang='lat' dir='ltr'> </span> 
     </span>
    </p>
   </div>
  </div>
 </body>
</html>
