3452 5316
952 417 995 481 22

869 510 1079 517 ———

858 632 909 699 De
933 632 1095 700 Plotina.

451 757 521 822 Iam
557 756 750 822 accedamus
785 757 827 821 ad
859 756 1070 838 Plotinum,
1110 775 1204 836 quem
1240 759 1281 821 ab
1316 755 1427 822 Aenea
1462 773 1578 820 summu

362 865 470 930 studio
501 864 620 929 lectum
652 882 723 928 esse
753 863 818 928 iam
841 864 967 930 Russus
995 863 1243 930 demonstravit.
1290 863 1356 928 Res
1379 882 1458 929 vero
1482 863 1579 927 denuu

361 973 601 1054 perscrutanda
631 978 681 1037 est
709 991 773 1036 non
804 972 906 1036 selum
937 971 1014 1051 quia
1038 972 1163 1037 Russus
1193 971 1313 1036 multas
1343 968 1580 1047 similitudines,

363 1098 447 1159 quae
477 1085 609 1144 exstant
644 1078 731 1144 inter
761 1078 837 1143 illos
868 1077 1089 1160 philosophos,
1125 1077 1360 1160 praetermisit,
1397 1077 1454 1142 sed
1487 1076 1580 1142 etium

362 1186 585 1252 demonstrare
610 1185 721 1251 omisit
744 1187 931 1266 quomodo
948 1187 1078 1251 Aeneas
1101 1185 1250 1251 hauserit
1273 1204 1313 1251 ex
1337 1185 1479 1251 Plotina.

450 1292 521 1358 Iam
544 1293 579 1358 in
603 1293 710 1375 primu
734 1293 859 1374 dialogi
882 1298 977 1375 parte
1001 1299 1110 1359 exstat
1138 1311 1276 1374 magnus
1304 1292 1394 1358 loeus
1418 1311 1521 1373 paene
1544 1292 1582 1356 ad

362 1401 497 1465 verbum
526 1399 698 1466 ePlotino
728 1400 925 1482 descriptus,
958 1419 1020 1480 quo
1050 1406 1281 1466 enumerantur
1303 1399 1418 1466 variae
1442 1398 1580 1480 philoso-

362 1506 499 1586 phorum
523 1508 562 1572 de
586 1506 769 1572 animarum
793 1507 827 1571 in
852 1505 921 1572 alia
944 1526 1083 1590 corpora
1107 1507 1303 1574 transitione
1327 1506 1507 1572 doctrinae.

362 1633 414 1712 5,e
450 1628 484 1697 Ὁ
506 1630 576 1714 μὲν
603 1628 673 1720 γὰρ
696 1629 947 1720 Ἡράκλειτος
1002 1632 1152 1698 1311an
1177 1633 1234 1716 8,1
1266 1629 1369 1714 δμὲν
1392 1627 1581 1718 γάρἩρά-

407 1735 565 1826 διαδοχὴν
600 1737 779 1820 ἀναγκαίαν
810 1737 946 1822 τιθέμε-

372 1904 375 1908 .
407 1869 462 1922 νος
484 1842 552 1911 άνιο
571 1847 626 1911 καί
649 1843 735 1911 κάτω
756 1849 814 1933 τῆς
838 1850 948 1934 ψυχῆς

407 1949 466 2040 τὴν
496 1953 636 2040 πορείαν
666 1949 730 2040 turn
763 1953 945 2037 γίγνεσθαι.

408 2056 511 2126 Ἐπεὶ
556 2056 729 2144 κάματος
774 2057 858 2147 αὐτῇ
901 2063 948 2144 τῷ

408 2169 598 2255 δημιουργῷ
644 2164 850 2233 συνέπεσθαι
892 2167 947 2232 καὶ

406 2270 485 2339 άνω
515 2271 599 2357 μετὰ
622 2277 682 2339 τοῖ
705 2277 789 2340 θεοῦ
811 2269 887 2339 τάδε
910 2270 948 2338 τὸ

406 2384 474 2446 πᾶν
510 2382 772 2470 συμπεριπολεῖν
805 2380 860 2446 καὶ
891 2377 948 2446 ὐπ’

407 2487 519 2574 ἐκείνῳ
546 2485 708 2568 τετάχθαι
739 2488 802 2554 καὶ
833 2484 947 2575 ἄρχε-

409 2595 553 2680 estest),
590 2591 648 2661 διὰ
682 2598 779 2661 τσῖτο
813 2599 854 2683 τῇ
887 2599 947 2660 τοῦ

408 2700 541 2792 ἠρεμεῖν
569 2701 737 2790 ἐπιθυμίᾳ
766 2703 821 2768 καὶ
845 2699 948 2791 α’ρχῆς

407 2808 519 2876 ἐλπίδι
548 2807 650 2876 κάτιο
681 2810 765 2898 φησὶ
794 2806 854 2898 τὴν
883 2826 947 2896 aare

409 2915 468 3005 χὴν
493 2915 671 3006 φέρεσθαι.
718 2915 751 2983 Ὁ
775 2914 812 2982 δὲ
835 2913 949 2999 Ἐμπε-

408 3025 525 3111 δοκλῆς
548 3021 685 3113 ἐκφοβεῖ
714 3021 834 3108 νόμον
863 3015 948 3089 εἶναι

411 3129 511 3214 λέγων
540 3137 627 3208 ταῖς
653 3136 802 3218 ψυχαῖς
825 3128 949 3218 ἀμαρ-

409 3233 573 3314 τούσαις
607 3237 781 3304 ἐνταῦθα
814 3243 950 3304 πεσεῖν

411 3397 469 3410 ...
494 3342 690 3422 ὑποδεικνὺς
714 3343 829 3434 ἠρέμα,
854 3343 872 3410 ὃ
894 3346 949 3411 καί

408 3449 650 3542 Πυθαγόρας
673 3450 864 3539 ᾐνίττετο.

451 3879 485 3948 Ὀ
510 3879 547 3946 δὲ
574 3878 614 3967 δὴ
639 3877 805 3946 Πλάτων
829 3879 846 3944 ὁ
871 3878 948 3968 ἡμὲ-

408 4012 503 4076 τερος
540 3985 701 4075 πρόγονος
743 3985 868 4053 πολλά
910 4013 950 4053 τε

408 4096 472 4161 καῖ
495 4093 591 4160 καλά
610 4099 737 4182 ψυχῆς
760 4093 852 4184 πὲρι
876 4096 949 4161 δια·

1045 1739 1212 1818 κλειτος,
1252 1736 1288 1814 ὃς
1326 1736 1405 1826 ἡμῖν
1443 1761 1580 1825 παρακε-

1046 1843 1175 1913 λεύεται
1207 1847 1316 1934 ζητεῖν
1344 1847 1456 1924 τοῦτο,
1491 1841 1581 1927 α’μοι-

1045 1951 1108 2039 βάς
1137 1978 1173 2019 τε
1200 1950 1382 2038 ἀναγκαίας
1411 1949 1582 2035 τιθέμενος

1047 2060 1081 2128 ἐκ
1119 2065 1184 2127 τῶν
1229 2058 1386 2126 ἐναντίων
1432 2055 1509 2124 ὁδόν
1550 2083 1581 2122 τε

1046 2165 1114 2234 ἄνω
1152 2168 1207 2234 καὶ
1251 2164 1353 2232 κάτω
1391 2163 1495 2232 εἰπεῖν
1531 2165 1581 2230 καί

1046 2272 1260 2359 μεταβάλλων
1294 2271 1502 2340 ἀναπαύεται
1530 2272 1579 2337 καὶ

1046 2379 1219 2465 κάματός
1242 2381 1326 2448 ἐστι
1342 2386 1427 2456 τοῖς
1450 2377 1580 2454 ατίὀῖς

1045 2493 1214 2572 μοχθεῖν
1237 2488 1300 2554 καὶ
1317 2485 1515 2575 ἄρχεσθαι

1046 2582 1264 2683 Ἐμπεδοκλῆς
1283 2619 1319 2660 τε
1334 2589 1438 2660 είπδιν
1462 2591 1579 2680 ἀμαρ-

1045 2700 1262 2779 τανοὺσαις
1309 2699 1435 2784 νόμον
1480 2693 1581 2767 εῖναι

1046 2815 1134 2886 ταῖς
1171 2815 1318 2897 ψυχαῖς
1355 2813 1493 2875 πεσεῖν
1527 2807 1582 2874 ἐν·

1047 2921 1267 2984 ταῦθα...

1048 3450 1193 3518 δοσνκαῖ
1205 3449 1465 3538 Πυθαγόρας,
1484 3445 1582 3535 οἶμαι,

1048 3561 1103 3626 καῖ
1127 3557 1160 3626 σῖ
1182 3557 1241 3624 ἀπ’
1262 3557 1386 3624 ἐκείνου
1409 3555 1582 3646 Ιἦνίττον-

987 3675 988 3678 ’
1047 3691 1089 3731 το
1119 3666 1198 3754 περί
1229 3690 1264 3732 τε
1294 3663 1413 3732 τούτου
1446 3665 1524 3754 περί
1551 3689 1583 3730 τε

1048 3774 1178 3839 πολλῶν
1202 3769 1320 3840 ἄλλων.
1346 3825 1405 3840 ...

1049 3881 1198 3947 λείπεται
1237 3881 1285 3970 δὴ
1324 3879 1402 3968 ἡμῖν
1440 3879 1459 3946 ὁ
1496 3885 1583 3954 θεῖος

1049 3985 1230 4066 Πλάτων,
1255 3985 1439 4064 ὅςπολλὰ
1462 3987 1583 4054 τεκαὶ

1048 4092 1146 4161 καλὰ
1192 4096 1283 4183 περί
1332 4099 1467 4184 ψυχῆς
1517 4087 1583 4161 εἶπε

455 4349 473 4417 ¹)
493 4347 565 4401 Loco
592 4350 651 4400 ἐπεὶ
670 4344 792 4418 κάμακος
814 4377 842 4385 -
864 4339 1000 4417 ἄρχεσθαι
1028 4345 1111 4400 codex
1125 4345 1189 4399 oiim
1204 4349 1385 4416 Augustanus
1406 4362 1478 4400 nune
1497 4345 1582 4399 Mone-

364 4439 452 4491 eensis
471 4436 584 4504 praebet
608 4439 683 4489 ἐπεὶ
706 4432 854 4507 κάματος
877 4439 932 4491 ἐπὶ
960 4435 1039 4505 (corr.
1060 4433 1181 4506 κάματός
1199 4435 1267 4504 ἐστι)
1295 4442 1366 4497 τοῖς
1389 4431 1504 4496 ιιῦτοῖς
1521 4428 1582 4488 εἶναι

364 4533 514 4598 μοχθεῖν
539 4529 593 4579 καὶ
612 4531 682 4586 τοῖς
700 4531 795 4586 θεοῖς
814 4530 1030 4596 συμπεριπολεῖν
1049 4529 1094 4578 καὶ
1114 4519 1294 4596 ἄρχεσθαι.
1333 4525 1422 4591 Quam
1446 4525 1581 4579 lectionem

365 4631 419 4670 non
439 4615 587 4685 genuinam
606 4629 665 4669 esse
685 4631 735 4670 suo
755 4615 813 4670 loco
834 4615 1002 4669 ostendetur.
