3442 5324
739 413 781 479 33

237 627 282 694 Ut
305 632 413 693 autem
430 646 588 710 personae
612 629 654 694 ali
676 647 730 694 res
746 629 951 711 peragendas
974 629 1059 694 hunc
1084 629 1117 693 in
1141 629 1247 695 locum
1263 629 1373 711 prodi-

146 753 182 801 re
206 735 347 817 possint,
372 735 574 815 quaslibet
597 734 760 819 fingunt
783 754 938 819 causas,
963 736 1081 816 quibus
1104 736 1244 818 prolatis
1267 738 1373 804 locum

145 842 253 926 magis
277 843 427 908 idoneum
451 842 543 909 adire
567 862 631 910 non
655 843 801 926 potuisse
825 843 987 910 videntur.

236 949 337 1016 Initio
369 949 453 1015 enim
482 950 621 1016 Aiacis
648 950 764 1018 Ulixes
795 955 892 1017 noctu
917 951 1051 1016 Aiacem
1081 951 1116 1016 in
1147 957 1295 1017 armenta
1323 952 1373 1017 in-

146 1056 276 1124 vasisse
307 1056 429 1121 certior
460 1055 569 1123 factus
598 1056 742 1138 vestigia
771 1057 863 1122 illius
892 1064 1081 1138 persecutus
1106 1064 1170 1140 est,
1201 1058 1303 1124 donec
1331 1059 1373 1124 ad

147 1163 397 1229 tabernaculum
427 1163 498 1229 eius
528 1163 688 1245 pervenit.
742 1163 855 1244 Neque
885 1183 963 1230 vero
994 1164 1030 1228 in
1060 1163 1236 1230 tentorium
1267 1165 1373 1247 ipsum

145 1271 261 1350 intrat,
286 1270 343 1335 sed
368 1270 451 1336 foris
471 1270 615 1353 vestigia
638 1270 730 1336 illius
746 1270 893 1350 metitum
922 1269 1073 1336 Minerva
1097 1271 1182 1336 enim
1206 1271 1297 1336 illum
1322 1272 1373 1337 his

148 1376 331 1456 alloquitur
353 1377 465 1444 verbis
491 1377 534 1461 (v.
553 1378 671 1461 3—7J:

360 1502 414 1568 καὶ
438 1504 496 1568 νῦν
520 1501 585 1570 ε’πῖ
609 1507 773 1590 σκηναῖς
797 1525 838 1569 σε
861 1507 1067 1578 ναυτικαῖς
1090 1500 1158 1591 ὁρῶ

361 1611 516 1688 Αἴαντος,
540 1607 625 1677 ἔνθα
647 1607 742 1695 τάξιν
765 1608 906 1699 ἐσχάτην
929 1607 1007 1691 spec,

361 1716 483 1785 πάλαι
506 1721 790 1806 κυνηγετοῦντα
814 1719 878 1785 καὶ
901 1716 1168 1807 μετρούμενον

362 1829 448 1914 ἰ’χνη
471 1823 518 1891 τὰ
541 1826 673 1892 κείνου
697 1824 942 1914 νεοχάραχῖῖ,
966 1823 1057 1902 ὅπως
1080 1828 1163 1913 lopo.

363 1930 421 1999 εἴτ’
444 1931 539 2000 ἔνδον
562 1930 620 1999 εἴτ’
644 1931 701 1999 οὐκ
724 1929 828 2000 ἔνδον.

236 2061 306 2144 Quo
342 2060 376 2125 in
411 2059 599 2125 discrimine
630 2059 781 2126 Minerva
816 2078 887 2125 eum
923 2058 1066 2125 allocuta
1096 2059 1233 2125 Aiacem
1264 2059 1376 2136 inesse¹

144 2167 262 2234 edocet
285 2168 329 2251 (v.
347 2165 486 2252 9-1o):

361 2279 455 2348 ἔνδον
477 2289 539 2372 γαρ
563 2279 645 2371 ἀνὴρ
668 2279 744 2371 ἄρτι
767 2280 929 2368 τυγχάνει,
952 2280 1038 2371 κάρα

362 2387 489 2472 στάζων
513 2387 629 2478 ἱδρῶτι
652 2391 707 2456 καὶ
730 2387 829 2478 χέρας
852 2388 1075 2478 ξιφοκτόνους.

238 2515 308 2598 Quo
332 2515 493 2595 colloquio
518 2521 657 2598 apparet
673 2516 765 2581 deam
790 2535 861 2581 euni
887 2515 1036 2596 quamvis
1052 2515 1108 2580 diu
1133 2515 1178 2581 sit
1200 2521 1372 2597 persecuta

143 2625 204 2711 (ef.
230 2645 260 2690 v.
279 2623 438 2708 36-37),
467 2624 509 2688 ad
533 2622 648 2688 Aiacis
676 2622 852 2688 tentorium
881 2623 986 2704 ipsum
1011 2622 1149 2702 alloqui,
1181 2628 1218 2687 ut
1242 2622 1270 2687 ei
1296 2642 1372 2687 eon-

143 2732 309 2798 dicionem
342 2729 433 2796 illius
464 2730 607 2812 explicet
641 2731 702 2814 (cl.
727 2749 757 2794 v.
776 2729 878 2813 9sq.).
931 2730 1004 2813 Qua
1035 2748 1072 2794 re
1102 2729 1218 2796 Ulixes
1250 2729 1371 2812 gaudio

143 2839 297 2906 afficitur
320 2857 415 2918 quam
440 2837 592 2919 maximo,
618 2838 738 2919 quippe
762 2836 817 2918 qui
841 2857 906 2903 non
929 2843 1018 2902 certo
1044 2837 1129 2902 sciat
1152 2843 1260 2903 utrum
1283 2837 1372 2902 Aiax

143 2947 229 3012 insit
252 2965 361 3012 necne.

236 3053 284 3118 At
309 3073 385 3119 num
409 3053 592 3120 Minervam
615 3052 719 3134 Ulixi,
751 3053 889 3118 eumad
917 3051 1092 3118 tentorium
1122 3051 1228 3133 ipsum
1256 3070 1371 3134 perve—

97 3221 107 3234 .
143 3163 261 3243 uisset,
286 3160 412 3227 auxilio
429 3160 542 3227 venire
566 3165 639 3226 erat
663 3163 819 3226 necesse?
856 3159 972 3226 Nonne
995 3159 1025 3225 si
1048 3160 1174 3225 intrare
1194 3159 1370 3239 dubitaret,

143 3267 364 3350 introspicere
387 3267 553 3352 potuit?¹)

236 3374 338 3440 Immo
362 3393 440 3442 vero
470 3394 529 3457 per
552 3374 735 3440 Minervam
758 3373 890 3442 Ulixem
918 3374 958 3439 de
989 3373 1136 3439 facinore
1159 3372 1274 3438 Aiacis
1302 3392 1372 3438 cer-

144 3483 266 3549 tiorem
294 3481 367 3547 fieri
397 3483 575 3564 putandum
605 3486 655 3548 est
683 3500 720 3546 eo
744 3487 890 3563 tempore
923 3499 985 3561 quo
1014 3479 1072 3545 ille
1095 3480 1239 3562 vestigia
1263 3479 1372 3545 inimi-

144 3589 274 3656 cissimi
301 3607 449 3671 premere
477 3588 630 3670 incipiat,
662 3607 727 3654 nou
750 3596 919 3670 postquam
952 3587 1018 3653 iam
1047 3589 1089 3653 ad
1117 3586 1214 3652 finem
1242 3586 1373 3652 itineris

144 3696 345 3779 pervenerit,
371 3696 426 3762 ubi
451 3697 535 3777 quod
559 3697 621 3762 dea
644 3697 822 3762 enarrabat
845 3695 911 3778 ipsi
934 3695 1123 3777 conspicere
1146 3694 1271 3760 liceret.

239 3803 384 3888 Quacum
411 3823 448 3869 re
476 3803 683 3870 consentiunt
706 3805 808 3869 verba
835 3805 877 3869 ab
902 3802 1001 3869 Ulixe
1026 3804 1117 3868 facta
1147 3801 1190 3885 (v.
1209 3799 1371 3884 31-34):

871 3915 998 3994 εὐθέως
1021 3914 1050 3984 δ’
1075 3913 1137 4001 ἐγὼ

363 4023 432 4092 κατ’
456 4023 670 4113 1ι’γνοςᾴὀοιυ,
694 4021 813 4091 καὶτὰ
836 4023 897 4108 μὲν
921 4023 1136 4113 οημαίνομαι,

362 4131 404 4199 τὰ
427 4131 457 4201 δ’
480 4131 707 4221 ἐκπέπληγμαι
729 4129 806 4198 κούκ
830 4128 893 4213 ε”χω
916 4137 1042 4215 μαθεῖν
1066 4129 1153 4197 ὅτου.

363 4237 502 4330 καιρὸν
525 4237 555 4308 δ’
578 4237 747 4330 ε’φὴκεις.

146 4370 360 4379 ῳ--ι-

241 4439 259 4508 1)
279 4438 320 4494 Ol.
342 4455 366 4492 v.
383 4439 501 4493 11-12:

362 4534 411 4583 καί
426 4525 457 4583 α’
479 4525 579 4583 οὐδὲν
598 4533 676 4583 elom
695 4526 793 4595 τῆσδε
812 4532 1020 4580 παπταίνειν
1039 4523 1142 4592 πύλης

361 4614 396 4672 ἔτ’
417 4619 500 4688 ἔργον
519 4620 601 4683 ἐστίν,
642 4617 739 4682 quitus
759 4615 826 4669 illud
845 4617 935 4682 ipsum
954 4613 1153 4682 comprobatur.

201 4741 322 4795 rotatu,
344 4741 436 4794 quitus
451 4741 564 4784 arciacus
580 4739 698 4782 nolimus
714 4740 805 4792 tragici
820 4771 825 4782 .
841 4771 865 4782 ..
1249 4722 1266 4774 3
