<?xml version="1.0" encoding="UTF-8"?>
<!DOCTYPE html PUBLIC "-//W3C//DTD XHTML 1.0 Transitional//EN"
    "http://www.w3.org/TR/xhtml1/DTD/xhtml1-transitional.dtd">
<html xmlns="http://www.w3.org/1999/xhtml" xml:lang="en" lang="en">
 <head>
  <title>
</title>
<meta http-equiv="Content-Type" content="text/html;charset=utf-8" />
  <meta name='ocr-system' content='tesseract 3.04.00' />
  <meta name='ocr-capabilities' content='ocr_page ocr_carea ocr_par ocr_line ocrx_word'/>
</head>
<body>
  <div class='ocr_page' id='page_1' title='image "./lta-2000/deviatqueindole00cohngoog/deviatqueindole00cohngoog_0575.png"; bbox 0 0 3462 5312; ppageno 0'>
   <div class='ocr_carea' id='block_1_1' title="bbox 355 588 1583 885">
    <p class='ocr_par' dir='ltr' id='par_1_1' title="bbox 355 588 1583 885">
     <span class='ocr_line' id='line_1_1' title="bbox 355 588 1581 673; baseline 0.002 -20"><span class='ocrx_word' id='word_1_1' title='bbox 355 589 394 653; x_wconf 92' lang='lat' dir='ltr'><strong>In</strong></span> <span class='ocrx_word' id='word_1_2' title='bbox 423 589 542 654; x_wconf 89' lang='lat' dir='ltr'><strong>ceteris</strong></span> <span class='ocrx_word' id='word_1_3' title='bbox 572 589 613 654; x_wconf 82' lang='lat'><strong>20</strong></span> <span class='ocrx_word' id='word_1_4' title='bbox 636 588 719 655; x_wconf 90' lang='lat' dir='ltr'><strong>lucis</strong></span> <span class='ocrx_word' id='word_1_5' title='bbox 750 591 790 656; x_wconf 89' lang='lat'><strong>13</strong></span> <span class='ocrx_word' id='word_1_6' title='bbox 814 599 905 673; x_wconf 90' lang='lat' dir='ltr'><strong>sunt,</strong></span> <span class='ocrx_word' id='word_1_7' title='bbox 937 592 1055 673; x_wconf 87' lang='lat' dir='ltr'><strong>quibus</strong></span> <span class='ocrx_word' id='word_1_8' title='bbox 1088 593 1218 658; x_wconf 86' lang='lat' dir='ltr'><strong>Graeca</strong></span> <span class='ocrx_word' id='word_1_9' title='bbox 1248 591 1438 658; x_wconf 89' lang='lat' dir='ltr'><strong>terminatio</strong></span> <span class='ocrx_word' id='word_1_10' title='bbox 1465 591 1581 667; x_wconf 81' lang='lat' dir='ltr'><strong>vocali,</strong></span> 
     </span>
     <span class='ocr_line' id='line_1_2' title="bbox 355 696 1583 778; baseline 0.001 -16"><span class='ocrx_word' id='word_1_11' title='bbox 355 715 437 776; x_wconf 88' lang='lat' dir='ltr'><strong>quae</strong></span> <span class='ocrx_word' id='word_1_12' title='bbox 455 697 611 777; x_wconf 88' lang='lat' dir='ltr'><strong>sequitur,</strong></span> <span class='ocrx_word' id='word_1_13' title='bbox 634 696 828 778; x_wconf 80' lang='lat' dir='ltr'>explicatur.</span> <span class='ocrx_word' id='word_1_14' title='bbox 865 698 941 765; x_wconf 89' lang='lat' dir='ltr'><strong>Nisi</strong></span> <span class='ocrx_word' id='word_1_15' title='bbox 958 698 1080 765; x_wconf 89' lang='lat' dir='ltr'><strong>talibus</strong></span> <span class='ocrx_word' id='word_1_16' title='bbox 1097 699 1180 766; x_wconf 86' lang='lat' dir='ltr'><strong>locis</strong></span> <span class='ocrx_word' id='word_1_17' title='bbox 1196 699 1320 766; x_wconf 80' lang='lat' dir='ltr'>Seneca</span> <span class='ocrx_word' id='word_1_18' title='bbox 1337 700 1500 765; x_wconf 80' lang='lat' dir='ltr'><strong>Graecam</strong></span> <span class='ocrx_word' id='word_1_19' title='bbox 1518 700 1583 763; x_wconf 83' lang='lat' dir='ltr'><strong>ior-</strong></span> 
     </span>
     <span class='ocr_line' id='line_1_3' title="bbox 355 804 1581 885; baseline 0.001 -18"><span class='ocrx_word' id='word_1_20' title='bbox 355 823 440 868; x_wconf 91' lang='lat' dir='ltr'><strong>mam</strong></span> <span class='ocrx_word' id='word_1_21' title='bbox 465 821 528 868; x_wconf 92' lang='lat' dir='ltr'><strong>non</strong></span> <span class='ocrx_word' id='word_1_22' title='bbox 546 804 705 885; x_wconf 83' lang='lat' dir='ltr'><strong>adhibuit,</strong></span> <span class='ocrx_word' id='word_1_23' title='bbox 731 823 814 885; x_wconf 87' lang='lat' dir='ltr'><strong>quae</strong></span> <span class='ocrx_word' id='word_1_24' title='bbox 838 804 962 872; x_wconf 90' lang='lat' dir='ltr'><strong>idcirco</strong></span> <span class='ocrx_word' id='word_1_25' title='bbox 987 806 1020 870; x_wconf 95' lang='lat' dir='ltr'><strong>in</strong></span> <span class='ocrx_word' id='word_1_26' title='bbox 1045 806 1199 872; x_wconf 89' lang='lat' dir='ltr'><strong>Herculis</strong></span> <span class='ocrx_word' id='word_1_27' title='bbox 1216 805 1333 872; x_wconf 82' lang='lat' dir='ltr'><strong>Oetaei</strong></span> <span class='ocrx_word' id='word_1_28' title='bbox 1357 825 1454 872; x_wconf 88' lang='lat' dir='ltr'><strong>versu</strong></span> <span class='ocrx_word' id='word_1_29' title='bbox 1481 807 1581 870; x_wconf 79' lang='lat'><strong>1735:</strong></span> 
     </span>
    </p>
   </div>
   <div class='ocr_carea' id='block_1_2' title="bbox 355 920 1399 1203">
    <p class='ocr_par' dir='ltr' id='par_1_2' title="bbox 355 920 1399 1203">
     <span class='ocr_line' id='line_1_4' title="bbox 613 920 1353 1005; baseline 0.005 -21"><span class='ocrx_word' id='word_1_30' title='bbox 613 921 762 1003; x_wconf 73' lang='lat' dir='ltr'><strong>imposuit</strong></span> <span class='ocrx_word' id='word_1_31' title='bbox 787 924 903 988; x_wconf 73' lang='lat' dir='ltr'><strong>tenearis</strong></span> <span class='ocrx_word' id='word_1_32' title='bbox 929 920 1035 989; x_wconf 87' lang='lat' dir='ltr'><strong>Ossan</strong></span> <span class='ocrx_word' id='word_1_33' title='bbox 1058 924 1238 989; x_wconf 75' lang='lat' dir='ltr'><strong><em>Enceladus</em></strong></span> <span class='ocrx_word' id='word_1_34' title='bbox 1253 923 1353 1005; x_wconf 78' lang='lat' dir='ltr'><strong>feroc</strong></span> 
     </span>
     <span class='ocr_line' id='line_1_5' title="bbox 355 1028 1399 1112; baseline 0.001 -20"><span class='ocrx_word' id='word_1_35' title='bbox 355 1034 489 1094; x_wconf 89' lang='lat' dir='ltr'><strong>servata</strong></span> <span class='ocrx_word' id='word_1_36' title='bbox 513 1033 573 1110; x_wconf 87' lang='lat' dir='ltr'><strong>est,</strong></span> <span class='ocrx_word' id='word_1_37' title='bbox 598 1028 632 1092; x_wconf 93' lang='lat' dir='ltr'><strong>in</strong></span> <span class='ocrx_word' id='word_1_38' title='bbox 657 1028 800 1094; x_wconf 88' lang='lat' dir='ltr'><strong>eiusdem</strong></span> <span class='ocrx_word' id='word_1_39' title='bbox 825 1035 932 1095; x_wconf 87' lang='lat' dir='ltr'><strong>autern</strong></span> <span class='ocrx_word' id='word_1_40' title='bbox 957 1030 1149 1112; x_wconf 81' lang='lat' dir='ltr'><strong>tragoediae</strong></span> <span class='ocrx_word' id='word_1_41' title='bbox 1174 1049 1271 1096; x_wconf 85' lang='lat' dir='ltr'><strong>versu</strong></span> <span class='ocrx_word' id='word_1_42' title='bbox 1296 1031 1399 1094; x_wconf 79' lang='lat'>1152:</span> 
     </span>
     <span class='ocr_line' id='line_1_6' title="bbox 601 1134 1215 1203; baseline 0.003 -3"><span class='ocrx_word' id='word_1_43' title='bbox 601 1152 697 1200; x_wconf 78' lang='lat' dir='ltr'><strong>&#39;acone</strong></span> <span class='ocrx_word' id='word_1_44' title='bbox 721 1136 936 1202; x_wconf 75' lang='lat' dir='ltr'><strong>Thessalicam</strong></span> <span class='ocrx_word' id='word_1_45' title='bbox 961 1137 1071 1202; x_wconf 87' lang='lat' dir='ltr'><strong>Pelion</strong></span> <span class='ocrx_word' id='word_1_46' title='bbox 1099 1134 1215 1203; x_wconf 86' lang='lat' dir='ltr'><strong>Ossam</strong></span> 
     </span>
    </p>
   </div>
   <div class='ocr_carea' id='block_1_3' title="bbox 354 1251 1585 3805">
    <p class='ocr_par' dir='ltr' id='par_1_3' title="bbox 354 1251 1585 2304">
     <span class='ocr_line' id='line_1_7' title="bbox 355 1251 1584 1320; baseline -0.002 -2"><span class='ocrx_word' id='word_1_47' title='bbox 355 1271 427 1318; x_wconf 86' lang='lat' dir='ltr'><strong>curn</strong></span> <span class='ocrx_word' id='word_1_48' title='bbox 450 1252 574 1317; x_wconf 90' lang='lat' dir='ltr'><strong>Latina</strong></span> <span class='ocrx_word' id='word_1_49' title='bbox 598 1258 648 1318; x_wconf 89' lang='lat' dir='ltr'><strong>est</strong></span> <span class='ocrx_word' id='word_1_50' title='bbox 671 1259 806 1318; x_wconf 90' lang='lat' dir='ltr'><strong>mutata.</strong></span> <span class='ocrx_word' id='word_1_51' title='bbox 854 1253 981 1319; x_wconf 88' lang='lat' dir='ltr'><strong>Statius</strong></span> <span class='ocrx_word' id='word_1_52' title='bbox 1014 1253 1048 1318; x_wconf 93' lang='lat' dir='ltr'><strong>in</strong></span> <span class='ocrx_word' id='word_1_53' title='bbox 1076 1253 1255 1320; x_wconf 77' lang='lat' dir='ltr'><strong>Thebaidis</strong></span> <span class='ocrx_word' id='word_1_54' title='bbox 1279 1254 1430 1319; x_wconf 88' lang='lat' dir='ltr'><strong>versibus</strong></span> <span class='ocrx_word' id='word_1_55' title='bbox 1460 1251 1496 1317; x_wconf 89' lang='grc' dir='ltr'><strong>ΙΙ</strong></span> <span class='ocrx_word' id='word_1_56' title='bbox 1522 1251 1584 1318; x_wconf 85' lang='grc'><strong>203</strong></span> 
     </span>
     <span class='ocr_line' id='line_1_8' title="bbox 355 1358 1583 1445; baseline -0.002 -21"><span class='ocrx_word' id='word_1_57' title='bbox 355 1358 425 1424; x_wconf 89' lang='lat' dir='ltr'><strong>XII</strong></span> <span class='ocrx_word' id='word_1_58' title='bbox 448 1361 512 1426; x_wconf 84' lang='lat'><strong>296</strong></span> <span class='ocrx_word' id='word_1_59' title='bbox 542 1367 618 1426; x_wconf 87' lang='lat' dir='ltr'><strong>ante</strong></span> <span class='ocrx_word' id='word_1_60' title='bbox 643 1366 873 1426; x_wconf 83' lang='lat' dir='ltr'><strong>consonantem</strong></span> <span class='ocrx_word' id='word_1_61' title='bbox 899 1361 1026 1427; x_wconf 87' lang='lat' dir='ltr'><strong>Graece</strong></span> <span class='ocrx_word' id='word_1_62' title='bbox 1050 1361 1176 1445; x_wconf 75' lang='lat' dir='ltr'><strong>Argian</strong></span> <span class='ocrx_word' id='word_1_63' title='bbox 1201 1360 1419 1426; x_wconf 88' lang='lat' dir='ltr'><strong>declinavisse</strong></span> <span class='ocrx_word' id='word_1_64' title='bbox 1444 1360 1583 1439; x_wconf 88' lang='lat' dir='ltr'><strong>videtur,</strong></span> 
     </span>
     <span class='ocr_line' id='line_1_9' title="bbox 355 1467 1583 1547; baseline -0.003 -14"><span class='ocrx_word' id='word_1_65' title='bbox 355 1468 433 1547; x_wconf 89' lang='lat' dir='ltr'><strong>quia</strong></span> <span class='ocrx_word' id='word_1_66' title='bbox 465 1468 532 1532; x_wconf 91' lang='lat' dir='ltr'><strong>aliu</strong></span> <span class='ocrx_word' id='word_1_67' title='bbox 561 1467 634 1534; x_wconf 92' lang='lat' dir='ltr'><strong>loco</strong></span> <span class='ocrx_word' id='word_1_68' title='bbox 662 1469 709 1536; x_wconf 89' lang='lat' dir='ltr'><strong>IV</strong></span> <span class='ocrx_word' id='word_1_69' title='bbox 726 1469 767 1532; x_wconf 89' lang='lat'><strong>91</strong></span> <span class='ocrx_word' id='word_1_70' title='bbox 801 1469 887 1533; x_wconf 89' lang='lat' dir='ltr'><strong>bane</strong></span> <span class='ocrx_word' id='word_1_71' title='bbox 921 1468 1059 1534; x_wconf 82' lang='lat' dir='ltr'><strong>formam</strong></span> <span class='ocrx_word' id='word_1_72' title='bbox 1093 1487 1226 1536; x_wconf 87' lang='lat' dir='ltr'><strong>servare</strong></span> <span class='ocrx_word' id='word_1_73' title='bbox 1258 1468 1368 1535; x_wconf 87' lang='lat' dir='ltr'><strong>vocali</strong></span> <span class='ocrx_word' id='word_1_74' title='bbox 1399 1467 1583 1546; x_wconf 84' lang='lat' dir='ltr'><strong>insequenti</strong></span> 
     </span>
     <span class='ocr_line' id='line_1_10' title="bbox 354 1574 1585 1657; baseline -0.002 -18"><span class='ocrx_word' id='word_1_75' title='bbox 354 1576 543 1657; x_wconf 87' lang='lat' dir='ltr'><strong>cogebatur.</strong></span> <span class='ocrx_word' id='word_1_76' title='bbox 591 1575 768 1640; x_wconf 88' lang='lat' dir='ltr'><strong>Praeterea</strong></span> <span class='ocrx_word' id='word_1_77' title='bbox 791 1575 825 1639; x_wconf 77' lang='lat' dir='ltr'><strong>ln</strong></span> <span class='ocrx_word' id='word_1_78' title='bbox 849 1595 947 1641; x_wconf 90' lang='lat' dir='ltr'><strong>versu</strong></span> <span class='ocrx_word' id='word_1_79' title='bbox 971 1576 1076 1656; x_wconf 90' lang='lat' dir='ltr'><strong>primu</strong></span> <span class='ocrx_word' id='word_1_80' title='bbox 1102 1577 1204 1642; x_wconf 87' lang='lat' dir='ltr'><strong>citato</strong></span> <span class='ocrx_word' id='word_1_81' title='bbox 1227 1575 1345 1640; x_wconf 86' lang='grc'>11203</span> <span class='ocrx_word' id='word_1_82' title='bbox 1369 1574 1457 1640; x_wconf 88' lang='lat' dir='ltr'><strong>aiter</strong></span> <span class='ocrx_word' id='word_1_83' title='bbox 1481 1574 1585 1639; x_wconf 86' lang='lat' dir='ltr'><strong>Grae-</strong></span> 
     </span>
     <span class='ocr_line' id='line_1_11' title="bbox 354 1681 1584 1766; baseline -0.002 -19"><span class='ocrx_word' id='word_1_84' title='bbox 354 1702 412 1747; x_wconf 91' lang='lat' dir='ltr'><strong>cus</strong></span> <span class='ocrx_word' id='word_1_85' title='bbox 451 1683 660 1748; x_wconf 88' lang='lat' dir='ltr'><strong>accusativus</strong></span> <span class='ocrx_word' id='word_1_86' title='bbox 699 1681 853 1766; x_wconf 76' lang='lat' dir='ltr'><strong>Deipylen</strong></span> <span class='ocrx_word' id='word_1_87' title='bbox 891 1683 1018 1763; x_wconf 88' lang='lat' dir='ltr'><strong>aliquid</strong></span> <span class='ocrx_word' id='word_1_88' title='bbox 1056 1682 1201 1749; x_wconf 89' lang='lat' dir='ltr'><strong>valuisse</strong></span> <span class='ocrx_word' id='word_1_89' title='bbox 1240 1683 1380 1750; x_wconf 87' lang='lat' dir='ltr'><strong>videtur.</strong></span> <span class='ocrx_word' id='word_1_90' title='bbox 1437 1681 1584 1746; x_wconf 84' lang='lat' dir='ltr'><strong>Eandem</strong></span> 
     </span>
     <span class='ocr_line' id='line_1_12' title="bbox 355 1789 1584 1875; baseline -0.003 -20"><span class='ocrx_word' id='word_1_91' title='bbox 355 1789 440 1855; x_wconf 86' lang='lat' dir='ltr'><strong>eninr</strong></span> <span class='ocrx_word' id='word_1_92' title='bbox 464 1790 626 1854; x_wconf 89' lang='lat' dir='ltr'><strong>rationem</strong></span> <span class='ocrx_word' id='word_1_93' title='bbox 650 1795 780 1855; x_wconf 87' lang='lat' dir='ltr'><strong>secutus</strong></span> <span class='ocrx_word' id='word_1_94' title='bbox 804 1796 837 1854; x_wconf 88' lang='lat' dir='ltr'><strong>et</strong></span> <span class='ocrx_word' id='word_1_95' title='bbox 857 1790 1073 1856; x_wconf 87' lang='lat' dir='ltr'><strong>Germanicus</strong></span> <span class='ocrx_word' id='word_1_96' title='bbox 1097 1789 1232 1874; x_wconf 86' lang='lat' dir='ltr'><strong>(Phaen.</strong></span> <span class='ocrx_word' id='word_1_97' title='bbox 1251 1789 1307 1875; x_wconf 86' lang='lat' dir='ltr'><strong>bl)</strong></span> <span class='ocrx_word' id='word_1_98' title='bbox 1331 1795 1406 1871; x_wconf 86' lang='lat' dir='ltr'><strong>post</strong></span> <span class='ocrx_word' id='word_1_99' title='bbox 1422 1789 1584 1854; x_wconf 88' lang='lat' dir='ltr'><strong>Graecum</strong></span> 
     </span>
     <span class='ocr_line' id='line_1_13' title="bbox 355 1896 1584 1980; baseline -0.003 -18"><span class='ocrx_word' id='word_1_100' title='bbox 355 1897 579 1962; x_wconf 81' lang='lat' dir='ltr'><strong>accusativum</strong></span> <span class='ocrx_word' id='word_1_101' title='bbox 619 1897 749 1962; x_wconf 86' lang='lat' dir='ltr'><strong>Helicen</strong></span> <span class='ocrx_word' id='word_1_102' title='bbox 788 1896 928 1962; x_wconf 88' lang='lat' dir='ltr'><strong>alterum</strong></span> <span class='ocrx_word' id='word_1_103' title='bbox 970 1915 1097 1977; x_wconf 88' lang='lat' dir='ltr'><strong>quoque</strong></span> <span class='ocrx_word' id='word_1_104' title='bbox 1139 1897 1287 1964; x_wconf 89' lang='lat' dir='ltr'><strong>servavit</strong></span> <span class='ocrx_word' id='word_1_105' title='bbox 1327 1897 1515 1980; x_wconf 77' lang='lat' dir='ltr'><strong>Cynosuran</strong></span> <span class='ocrx_word' id='word_1_106' title='bbox 1554 1901 1584 1958; x_wconf 84' lang='lat' dir='ltr'><strong>et</strong></span> 
     </span>
     <span class='ocr_line' id='line_1_14' title="bbox 355 2003 1582 2089; baseline -0.002 -21"><span class='ocrx_word' id='word_1_107' title='bbox 355 2004 522 2069; x_wconf 86' lang='lat' dir='ltr'><strong>Martialis</strong></span> <span class='ocrx_word' id='word_1_108' title='bbox 550 2003 667 2089; x_wconf 89' lang='lat' dir='ltr'><strong>(epigr.</strong></span> <span class='ocrx_word' id='word_1_109' title='bbox 693 2004 826 2072; x_wconf 91' lang='lat' dir='ltr'>XXVII</span> <span class='ocrx_word' id='word_1_110' title='bbox 851 2004 905 2089; x_wconf 89' lang='grc'><strong>10)</strong></span> <span class='ocrx_word' id='word_1_111' title='bbox 937 2011 1012 2086; x_wconf 90' lang='lat' dir='ltr'><strong>post</strong></span> <span class='ocrx_word' id='word_1_112' title='bbox 1039 2004 1198 2071; x_wconf 84' lang='lat' dir='ltr'><strong>Hesionen</strong></span> <span class='ocrx_word' id='word_1_113' title='bbox 1228 2004 1323 2070; x_wconf 86' lang='lat' dir='ltr'><strong>flexit</strong></span> <span class='ocrx_word' id='word_1_114' title='bbox 1346 2003 1582 2079; x_wconf 79' lang='lat' dir='ltr'><strong>Andromedan,</strong></span> 
     </span>
     <span class='ocr_line' id='line_1_15' title="bbox 355 2109 1584 2198; baseline -0.004 -20"><span class='ocrx_word' id='word_1_115' title='bbox 355 2130 452 2193; x_wconf 85' lang='lat' dir='ltr'><strong>quarn</strong></span> <span class='ocrx_word' id='word_1_116' title='bbox 484 2113 622 2177; x_wconf 89' lang='lat' dir='ltr'><strong>formam</strong></span> <span class='ocrx_word' id='word_1_117' title='bbox 653 2114 811 2178; x_wconf 88' lang='lat' dir='ltr'><strong>adversus</strong></span> <span class='ocrx_word' id='word_1_118' title='bbox 839 2111 1077 2178; x_wconf 89' lang='lat' dir='ltr'><strong>nominativum</strong></span> <span class='ocrx_word' id='word_1_119' title='bbox 1108 2113 1291 2180; x_wconf 88' lang='lat' dir='ltr'><strong>aGraecis</strong></span> <span class='ocrx_word' id='word_1_120' title='bbox 1321 2131 1380 2194; x_wconf 91' lang='lat' dir='ltr'><strong>per</strong></span> <span class='ocrx_word' id='word_1_121' title='bbox 1408 2137 1444 2198; x_wconf 77' lang='grc' dir='ltr'><strong>-η</strong></span> <span class='ocrx_word' id='word_1_122' title='bbox 1473 2109 1584 2176; x_wconf 86' lang='lat' dir='ltr'><strong>termi-</strong></span> 
     </span>
     <span class='ocr_line' id='line_1_16' title="bbox 355 2217 1580 2304; baseline -0.003 -21"><span class='ocrx_word' id='word_1_123' title='bbox 355 2225 467 2285; x_wconf 90' lang='lat' dir='ltr'><strong>natum</strong></span> <span class='ocrx_word' id='word_1_124' title='bbox 491 2219 557 2284; x_wconf 87' lang='lat' dir='ltr'><strong>ianr</strong></span> <span class='ocrx_word' id='word_1_125' title='bbox 581 2219 720 2285; x_wconf 90' lang='lat' dir='ltr'><strong>Ovidius</strong></span> <span class='ocrx_word' id='word_1_126' title='bbox 732 2219 755 2304; x_wconf 85' lang='lat'><strong>¹)</strong></span> <span class='ocrx_word' id='word_1_127' title='bbox 780 2220 868 2304; x_wconf 85' lang='lat' dir='ltr'><strong>(met.</strong></span> <span class='ocrx_word' id='word_1_128' title='bbox 894 2220 940 2287; x_wconf 92' lang='lat' dir='ltr'><strong>IV</strong></span> <span class='ocrx_word' id='word_1_129' title='bbox 959 2221 1033 2300; x_wconf 84' lang='grc'>671,</span> <span class='ocrx_word' id='word_1_130' title='bbox 1053 2222 1115 2285; x_wconf 80' lang='lat'><strong>757</strong></span> <span class='ocrx_word' id='word_1_131' title='bbox 1140 2220 1283 2285; x_wconf 79' lang='lat' dir='ltr'><strong>Arsam.</strong></span> <span class='ocrx_word' id='word_1_132' title='bbox 1301 2219 1389 2304; x_wconf 81' lang='lat'>153)</span> <span class='ocrx_word' id='word_1_133' title='bbox 1414 2217 1580 2300; x_wconf 84' lang='lat' dir='ltr'><strong>praetulit.</strong></span> 
     </span>
    </p>

    <p class='ocr_par' dir='ltr' id='par_1_4' title="bbox 355 2322 1583 2730">
     <span class='ocr_line' id='line_1_17' title="bbox 444 2322 1582 2409; baseline -0.004 -19"><span class='ocrx_word' id='word_1_134' title='bbox 444 2326 637 2408; x_wconf 78' lang='lat' dir='ltr'><strong>Euphoniae</strong></span> <span class='ocrx_word' id='word_1_135' title='bbox 666 2327 777 2408; x_wconf 87' lang='lat' dir='ltr'><strong>gratia</strong></span> <span class='ocrx_word' id='word_1_136' title='bbox 801 2327 1009 2392; x_wconf 89' lang='lat' dir='ltr'><strong>accusativus</strong></span> <span class='ocrx_word' id='word_1_137' title='bbox 1032 2328 1272 2409; x_wconf 66' lang='lat' dir='ltr'><strong>Hippodamian</strong></span> <span class='ocrx_word' id='word_1_138' title='bbox 1302 2327 1409 2391; x_wconf 83' lang='lat' dir='ltr'><strong>factus</strong></span> <span class='ocrx_word' id='word_1_139' title='bbox 1438 2343 1510 2392; x_wconf 83' lang='lat' dir='ltr'><strong>esse</strong></span> <span class='ocrx_word' id='word_1_140' title='bbox 1534 2322 1582 2388; x_wconf 89' lang='lat' dir='ltr'><strong>vi-</strong></span> 
     </span>
     <span class='ocr_line' id='line_1_18' title="bbox 355 2429 1583 2517; baseline -0.003 -19"><span class='ocrx_word' id='word_1_141' title='bbox 355 2435 459 2516; x_wconf 90' lang='lat' dir='ltr'><strong>detur,</strong></span> <span class='ocrx_word' id='word_1_142' title='bbox 484 2452 555 2499; x_wconf 86' lang='lat' dir='ltr'><strong>curn</strong></span> <span class='ocrx_word' id='word_1_143' title='bbox 578 2455 648 2498; x_wconf 88' lang='lat' dir='ltr'><strong>-am</strong></span> <span class='ocrx_word' id='word_1_144' title='bbox 671 2432 802 2517; x_wconf 85' lang='lat' dir='ltr'><strong>syllaba</strong></span> <span class='ocrx_word' id='word_1_145' title='bbox 824 2435 875 2499; x_wconf 89' lang='lat' dir='ltr'><strong>bis</strong></span> <span class='ocrx_word' id='word_1_146' title='bbox 894 2433 1037 2516; x_wconf 88' lang='lat' dir='ltr'><strong>repetita</strong></span> <span class='ocrx_word' id='word_1_147' title='bbox 1060 2453 1123 2499; x_wconf 89' lang='lat' dir='ltr'><strong>nan</strong></span> <span class='ocrx_word' id='word_1_148' title='bbox 1141 2434 1288 2500; x_wconf 86' lang='lat' dir='ltr'><strong>suaviter</strong></span> <span class='ocrx_word' id='word_1_149' title='bbox 1311 2434 1354 2498; x_wconf 90' lang='lat' dir='ltr'><strong>ad</strong></span> <span class='ocrx_word' id='word_1_150' title='bbox 1377 2451 1474 2498; x_wconf 89' lang='lat' dir='ltr'><strong>aures</strong></span> <span class='ocrx_word' id='word_1_151' title='bbox 1498 2429 1583 2496; x_wconf 90' lang='lat' dir='ltr'><strong>acci-</strong></span> 
     </span>
     <span class='ocr_line' id='line_1_19' title="bbox 356 2540 1582 2623; baseline -0.002 -18"><span class='ocrx_word' id='word_1_152' title='bbox 356 2542 421 2606; x_wconf 90' lang='lat' dir='ltr'><strong>dat.</strong></span> <span class='ocrx_word' id='word_1_153' title='bbox 461 2541 617 2623; x_wconf 84' lang='lat' dir='ltr'><strong>Legimus</strong></span> <span class='ocrx_word' id='word_1_154' title='bbox 640 2541 725 2606; x_wconf 90' lang='lat' dir='ltr'><strong>hanc</strong></span> <span class='ocrx_word' id='word_1_155' title='bbox 750 2541 887 2607; x_wconf 87' lang='lat' dir='ltr'><strong>formam</strong></span> <span class='ocrx_word' id='word_1_156' title='bbox 913 2543 946 2605; x_wconf 94' lang='lat' dir='ltr'><strong>in</strong></span> <span class='ocrx_word' id='word_1_157' title='bbox 964 2540 1154 2607; x_wconf 86' lang='lat' dir='ltr'><strong>Germanici</strong></span> <span class='ocrx_word' id='word_1_158' title='bbox 1170 2542 1471 2606; x_wconf 83' lang='lat' dir='ltr'><strong>Plraenumenurum</strong></span> <span class='ocrx_word' id='word_1_159' title='bbox 1488 2556 1582 2604; x_wconf 91' lang='lat' dir='ltr'><strong>versu</strong></span> 
     </span>
     <span class='ocr_line' id='line_1_20' title="bbox 357 2647 1581 2730; baseline -0.003 -18"><span class='ocrx_word' id='word_1_160' title='bbox 357 2650 430 2730; x_wconf 90' lang='grc'>162,</span> <span class='ocrx_word' id='word_1_161' title='bbox 449 2647 489 2713; x_wconf 87' lang='lat' dir='ltr'><strong>in</strong></span> <span class='ocrx_word' id='word_1_162' title='bbox 506 2666 569 2728; x_wconf 88' lang='lat' dir='ltr'><strong>quo</strong></span> <span class='ocrx_word' id='word_1_163' title='bbox 585 2655 758 2730; x_wconf 87' lang='lat' dir='ltr'><strong>praeterea</strong></span> <span class='ocrx_word' id='word_1_164' title='bbox 782 2649 947 2714; x_wconf 86' lang='lat' dir='ltr'><strong>antecedit</strong></span> <span class='ocrx_word' id='word_1_165' title='bbox 963 2648 1162 2715; x_wconf 88' lang='lat' dir='ltr'><strong>adiectivum</strong></span> <span class='ocrx_word' id='word_1_166' title='bbox 1178 2648 1298 2714; x_wconf 90' lang='lat' dir='ltr'><strong>Latine</strong></span> <span class='ocrx_word' id='word_1_167' title='bbox 1314 2647 1434 2712; x_wconf 86' lang='lat' dir='ltr'><strong>flexum</strong></span> <span class='ocrx_word' id='word_1_168' title='bbox 1449 2654 1581 2729; x_wconf 70' lang='lat' dir='ltr'><strong>raptent.</strong></span> 
     </span>
    </p>

    <p class='ocr_par' dir='ltr' id='par_1_5' title="bbox 354 2752 1582 3051">
     <span class='ocr_line' id='line_1_21' title="bbox 443 2752 1582 2838; baseline -0.003 -18"><span class='ocrx_word' id='word_1_169' title='bbox 443 2755 584 2821; x_wconf 82' lang='lat' dir='ltr'><strong>Restant</strong></span> <span class='ocrx_word' id='word_1_170' title='bbox 608 2755 753 2820; x_wconf 90' lang='lat' dir='ltr'><strong>eiusdem</strong></span> <span class='ocrx_word' id='word_1_171' title='bbox 777 2757 919 2838; x_wconf 92' lang='lat' dir='ltr'><strong>generis,</strong></span> <span class='ocrx_word' id='word_1_172' title='bbox 944 2757 983 2820; x_wconf 90' lang='lat' dir='ltr'><strong>de</strong></span> <span class='ocrx_word' id='word_1_173' title='bbox 1005 2775 1067 2835; x_wconf 87' lang='lat' dir='ltr'><strong>qua</strong></span> <span class='ocrx_word' id='word_1_174' title='bbox 1092 2755 1230 2838; x_wconf 81' lang='lat' dir='ltr'><strong>agimus,</strong></span> <span class='ocrx_word' id='word_1_175' title='bbox 1256 2755 1377 2821; x_wconf 88' lang='lat' dir='ltr'><strong>Graeci</strong></span> <span class='ocrx_word' id='word_1_176' title='bbox 1401 2752 1582 2820; x_wconf 87' lang='lat' dir='ltr'><strong>accusativi</strong></span> 
     </span>
     <span class='ocr_line' id='line_1_22' title="bbox 354 2861 1582 2948; baseline -0.002 -21"><span class='ocrx_word' id='word_1_177' title='bbox 354 2862 447 2928; x_wconf 87' lang='lat' dir='ltr'><strong>Aean</strong></span> <span class='ocrx_word' id='word_1_178' title='bbox 471 2861 558 2948; x_wconf 83' lang='lat' dir='ltr'><strong>(Vel.</strong></span> <span class='ocrx_word' id='word_1_179' title='bbox 577 2862 687 2927; x_wconf 83' lang='lat' dir='ltr'><strong>Flacc.</strong></span> <span class='ocrx_word' id='word_1_180' title='bbox 708 2863 734 2926; x_wconf 85' lang='lat' dir='ltr'>V</span> <span class='ocrx_word' id='word_1_181' title='bbox 752 2861 830 2947; x_wconf 84' lang='grc'>425)</span> <span class='ocrx_word' id='word_1_182' title='bbox 855 2868 888 2928; x_wconf 95' lang='lat' dir='ltr'><strong>et</strong></span> <span class='ocrx_word' id='word_1_183' title='bbox 912 2863 1103 2929; x_wconf 75' lang='lat' dir='ltr'><strong>Iarrcollean</strong></span> <span class='ocrx_word' id='word_1_184' title='bbox 1127 2863 1222 2948; x_wconf 89' lang='lat' dir='ltr'><strong>(Stat.</strong></span> <span class='ocrx_word' id='word_1_185' title='bbox 1240 2863 1341 2928; x_wconf 75' lang='lat' dir='ltr'><strong>Theb.</strong></span> <span class='ocrx_word' id='word_1_186' title='bbox 1363 2862 1414 2927; x_wconf 93' lang='lat' dir='ltr'><strong>IX</strong></span> <span class='ocrx_word' id='word_1_187' title='bbox 1431 2861 1521 2944; x_wconf 89' lang='grc'>402),</span> <span class='ocrx_word' id='word_1_188' title='bbox 1545 2861 1582 2924; x_wconf 90' lang='lat' dir='ltr'><strong>de</strong></span> 
     </span>
     <span class='ocr_line' id='line_1_23' title="bbox 355 2969 1029 3051; baseline 0.001 -17"><span class='ocrx_word' id='word_1_189' title='bbox 355 2970 472 3049; x_wconf 88' lang='lat' dir='ltr'><strong>quibus</strong></span> <span class='ocrx_word' id='word_1_190' title='bbox 495 2969 580 3034; x_wconf 87' lang='lat' dir='ltr'><strong>nihii</strong></span> <span class='ocrx_word' id='word_1_191' title='bbox 604 2969 718 3051; x_wconf 86' lang='lat' dir='ltr'><strong>habea,</strong></span> <span class='ocrx_word' id='word_1_192' title='bbox 743 2970 828 3050; x_wconf 91' lang='lat' dir='ltr'><strong>quod</strong></span> <span class='ocrx_word' id='word_1_193' title='bbox 852 2971 1029 3050; x_wconf 83' lang='lat' dir='ltr'><strong>proferam.</strong></span> 
     </span>
    </p>

    <p class='ocr_par' dir='ltr' id='par_1_6' title="bbox 354 3075 1582 3805">
     <span class='ocr_line' id='line_1_24' title="bbox 445 3075 1582 3160; baseline -0.004 -16"><span class='ocrx_word' id='word_1_194' title='bbox 445 3077 489 3144; x_wconf 90' lang='lat' dir='ltr'><strong>Ut</strong></span> <span class='ocrx_word' id='word_1_195' title='bbox 520 3076 699 3160; x_wconf 88' lang='lat' dir='ltr'><strong>numinum,</strong></span> <span class='ocrx_word' id='word_1_196' title='bbox 732 3096 867 3157; x_wconf 89' lang='lat' dir='ltr'><strong>quorum</strong></span> <span class='ocrx_word' id='word_1_197' title='bbox 898 3077 1135 3144; x_wconf 90' lang='lat' dir='ltr'><strong>nominativum</strong></span> <span class='ocrx_word' id='word_1_198' title='bbox 1167 3076 1287 3144; x_wconf 81' lang='lat' dir='ltr'><strong>Graeci</strong></span> <span class='ocrx_word' id='word_1_199' title='bbox 1318 3095 1378 3158; x_wconf 89' lang='lat' dir='ltr'><strong>per</strong></span> <span class='ocrx_word' id='word_1_200' title='bbox 1407 3081 1444 3141; x_wconf 83' lang='lat' dir='ltr'><strong>-a</strong></span> <span class='ocrx_word' id='word_1_201' title='bbox 1474 3075 1582 3140; x_wconf 88' lang='lat' dir='ltr'><strong>termi-</strong></span> 
     </span>
     <span class='ocr_line' id='line_1_25' title="bbox 354 3183 1582 3266; baseline -0.001 -18"><span class='ocrx_word' id='word_1_202' title='bbox 354 3189 449 3266; x_wconf 89' lang='lat' dir='ltr'><strong>nant,</strong></span> <span class='ocrx_word' id='word_1_203' title='bbox 483 3183 666 3249; x_wconf 90' lang='lat' dir='ltr'><strong>accusativi</strong></span> <span class='ocrx_word' id='word_1_204' title='bbox 695 3183 857 3250; x_wconf 89' lang='lat' dir='ltr'><strong>Graecam</strong></span> <span class='ocrx_word' id='word_1_205' title='bbox 890 3184 1154 3250; x_wconf 87' lang='lat' dir='ltr'><strong>terminationem</strong></span> <span class='ocrx_word' id='word_1_206' title='bbox 1187 3205 1242 3250; x_wconf 89' lang='lat' dir='ltr'><strong>-aa</strong></span> <span class='ocrx_word' id='word_1_207' title='bbox 1274 3183 1436 3249; x_wconf 89' lang='lat' dir='ltr'><strong>interdum</strong></span> <span class='ocrx_word' id='word_1_208' title='bbox 1468 3189 1582 3264; x_wconf 86' lang='lat' dir='ltr'><strong>poetae</strong></span> 
     </span>
     <span class='ocr_line' id='line_1_26' title="bbox 355 3287 1581 3374; baseline -0.002 -19"><span class='ocrx_word' id='word_1_209' title='bbox 355 3291 550 3356; x_wconf 89' lang='lat' dir='ltr'><strong>Latinorum</strong></span> <span class='ocrx_word' id='word_1_210' title='bbox 573 3310 662 3356; x_wconf 88' lang='lat' dir='ltr'><strong>rnore</strong></span> <span class='ocrx_word' id='word_1_211' title='bbox 687 3291 904 3374; x_wconf 89' lang='lat' dir='ltr'><strong>corriperent,</strong></span> <span class='ocrx_word' id='word_1_212' title='bbox 933 3311 1048 3357; x_wconf 88' lang='lat' dir='ltr'><strong>versus</strong></span> <span class='ocrx_word' id='word_1_213' title='bbox 1073 3291 1210 3356; x_wconf 89' lang='lat' dir='ltr'><strong>metrica</strong></span> <span class='ocrx_word' id='word_1_214' title='bbox 1238 3291 1323 3356; x_wconf 88' lang='lat' dir='ltr'><strong>ratic</strong></span> <span class='ocrx_word' id='word_1_215' title='bbox 1348 3287 1581 3374; x_wconf 62' lang='lat' dir='ltr'><strong>postulabatff).</strong></span> 
     </span>
     <span class='ocr_line' id='line_1_27' title="bbox 356 3397 1582 3482; baseline -0.002 -20"><span class='ocrx_word' id='word_1_216' title='bbox 356 3398 431 3463; x_wconf 75' lang='lat' dir='ltr'><strong>Tali</strong></span> <span class='ocrx_word' id='word_1_217' title='bbox 456 3398 550 3464; x_wconf 89' lang='lat' dir='ltr'><strong>modu</strong></span> <span class='ocrx_word' id='word_1_218' title='bbox 575 3398 758 3463; x_wconf 88' lang='lat' dir='ltr'><strong>declinatas</strong></span> <span class='ocrx_word' id='word_1_219' title='bbox 783 3399 894 3464; x_wconf 91' lang='lat' dir='ltr'><strong>inveni</strong></span> <span class='ocrx_word' id='word_1_220' title='bbox 918 3398 1143 3465; x_wconf 88' lang='lat' dir='ltr'><strong>accusativos:</strong></span> <span class='ocrx_word' id='word_1_221' title='bbox 1169 3399 1314 3482; x_wconf 70' lang='lat' dir='ltr'><strong>Aeginan</strong></span> <span class='ocrx_word' id='word_1_222' title='bbox 1339 3399 1373 3462; x_wconf 94' lang='lat' dir='ltr'><strong>in</strong></span> <span class='ocrx_word' id='word_1_223' title='bbox 1397 3397 1485 3462; x_wconf 87' lang='lat' dir='ltr'><strong>Stati</strong></span> <span class='ocrx_word' id='word_1_224' title='bbox 1502 3397 1582 3461; x_wconf 78' lang='lat' dir='ltr'><strong>The-</strong></span> 
     </span>
     <span class='ocr_line' id='line_1_28' title="bbox 354 3503 1581 3591; baseline -0.002 -21"><span class='ocrx_word' id='word_1_225' title='bbox 354 3505 452 3571; x_wconf 89' lang='lat' dir='ltr'><strong>baide</strong></span> <span class='ocrx_word' id='word_1_226' title='bbox 477 3505 554 3590; x_wconf 80' lang='lat' dir='ltr'><strong>(Vn</strong></span> <span class='ocrx_word' id='word_1_227' title='bbox 572 3506 650 3591; x_wconf 84' lang='lat'><strong>319)</strong></span> <span class='ocrx_word' id='word_1_228' title='bbox 683 3505 810 3571; x_wconf 78' lang='lat' dir='ltr'><strong>Bessan</strong></span> <span class='ocrx_word' id='word_1_229' title='bbox 833 3505 867 3570; x_wconf 94' lang='lat' dir='ltr'><strong>in</strong></span> <span class='ocrx_word' id='word_1_230' title='bbox 891 3505 1034 3571; x_wconf 88' lang='lat' dir='ltr'><strong>Senecae</strong></span> <span class='ocrx_word' id='word_1_231' title='bbox 1058 3505 1242 3571; x_wconf 81' lang='lat' dir='ltr'><strong>Troadibus</strong></span> <span class='ocrx_word' id='word_1_232' title='bbox 1267 3503 1358 3590; x_wconf 85' lang='grc'>(848)</span> <span class='ocrx_word' id='word_1_233' title='bbox 1389 3503 1581 3570; x_wconf 82' lang='lat' dir='ltr'><strong>Deidamidn</strong></span> 
     </span>
     <span class='ocr_line' id='line_1_29' title="bbox 355 3610 1581 3698; baseline -0.001 -22"><span class='ocrx_word' id='word_1_234' title='bbox 355 3612 390 3676; x_wconf 94' lang='lat' dir='ltr'><strong>in</strong></span> <span class='ocrx_word' id='word_1_235' title='bbox 413 3611 501 3678; x_wconf 89' lang='lat' dir='ltr'><strong>Stati</strong></span> <span class='ocrx_word' id='word_1_236' title='bbox 525 3611 709 3677; x_wconf 74' lang='lat' dir='ltr'><strong>Acililleide</strong></span> <span class='ocrx_word' id='word_1_237' title='bbox 737 3611 784 3698; x_wconf 87' lang='lat' dir='ltr'><strong>(II</strong></span> <span class='ocrx_word' id='word_1_238' title='bbox 809 3612 864 3698; x_wconf 84' lang='lat'><strong>82)</strong></span> <span class='ocrx_word' id='word_1_239' title='bbox 892 3610 998 3679; x_wconf 75' lang='lat' dir='ltr'><strong>Ossan</strong></span> <span class='ocrx_word' id='word_1_240' title='bbox 1025 3612 1060 3678; x_wconf 92' lang='lat' dir='ltr'><strong>in</strong></span> <span class='ocrx_word' id='word_1_241' title='bbox 1084 3612 1250 3694; x_wconf 68' lang='lat' dir='ltr'><strong>carminis</strong></span> <span class='ocrx_word' id='word_1_242' title='bbox 1281 3612 1367 3692; x_wconf 90' lang='lat' dir='ltr'><strong>quud</strong></span> <span class='ocrx_word' id='word_1_243' title='bbox 1391 3611 1581 3677; x_wconf 87' lang='lat' dir='ltr'><strong>inscribitur</strong></span> 
     </span>
     <span class='ocr_line' id='line_1_30' title="bbox 356 3719 1239 3805; baseline -0.001 -21"><span class='ocrx_word' id='word_1_244' title='bbox 356 3719 473 3800; x_wconf 84' lang='lat' dir='ltr'><strong>Aetna,</strong></span> <span class='ocrx_word' id='word_1_245' title='bbox 498 3737 596 3784; x_wconf 89' lang='lat' dir='ltr'><strong>versu</strong></span> <span class='ocrx_word' id='word_1_246' title='bbox 619 3720 662 3783; x_wconf 87' lang='lat'><strong>49</strong></span> <span class='ocrx_word' id='word_1_247' title='bbox 690 3725 723 3785; x_wconf 88' lang='lat' dir='ltr'><strong>et</strong></span> <span class='ocrx_word' id='word_1_248' title='bbox 746 3719 781 3783; x_wconf 91' lang='lat' dir='ltr'><strong>in</strong></span> <span class='ocrx_word' id='word_1_249' title='bbox 804 3720 946 3785; x_wconf 90' lang='lat' dir='ltr'><strong>Hercule</strong></span> <span class='ocrx_word' id='word_1_250' title='bbox 970 3720 1092 3786; x_wconf 88' lang='lat' dir='ltr'><strong>Oetaeo</strong></span> <span class='ocrx_word' id='word_1_251' title='bbox 1117 3719 1239 3805; x_wconf 79' lang='grc'>(1735).</span> 
     </span>
    </p>
   </div>
   <div class='ocr_carea' id='block_1_4' title="bbox 356 3917 1579 4233">
    <p class='ocr_par' dir='ltr' id='par_1_7' title="bbox 356 3917 1579 4233">
     <span class='ocr_line' id='line_1_31' title="bbox 932 3917 1004 3998; baseline 0 -18"><span class='ocrx_word' id='word_1_252' title='bbox 932 3917 950 3998; x_wconf 64' lang='grc' dir='ltr'>ξ</span> <span class='ocrx_word' id='word_1_253' title='bbox 976 3917 1004 3980; x_wconf 82' lang='grc'><strong>7.</strong></span> 
     </span>
     <span class='ocr_line' id='line_1_32' title="bbox 356 4039 1579 4121; baseline -0.001 -15"><span class='ocrx_word' id='word_1_254' title='bbox 356 4040 411 4106; x_wconf 91' lang='lat' dir='ltr'><strong>De</strong></span> <span class='ocrx_word' id='word_1_255' title='bbox 438 4040 665 4107; x_wconf 89' lang='lat' dir='ltr'><strong>nominibus</strong></span> <span class='ocrx_word' id='word_1_256' title='bbox 689 4040 871 4107; x_wconf 88' lang='lat' dir='ltr'><strong>Latinam</strong></span> <span class='ocrx_word' id='word_1_257' title='bbox 903 4041 1061 4107; x_wconf 90' lang='lat' dir='ltr'><strong>tertiam</strong></span> <span class='ocrx_word' id='word_1_258' title='bbox 1087 4039 1394 4107; x_wconf 85' lang='lat' dir='ltr'><strong>declinationem</strong></span> <span class='ocrx_word' id='word_1_259' title='bbox 1423 4059 1579 4121; x_wconf 86' lang='lat' dir='ltr'><strong>sequen-</strong></span> 
     </span>
     <span class='ocr_line' id='line_1_33' title="bbox 627 4148 1312 4233; baseline 0 -20"><span class='ocrx_word' id='word_1_260' title='bbox 627 4149 734 4214; x_wconf 88' lang='lat' dir='ltr'><strong>tibus</strong></span> <span class='ocrx_word' id='word_1_261' title='bbox 759 4148 1000 4233; x_wconf 86' lang='lat' dir='ltr'><strong>ccterisque,</strong></span> <span class='ocrx_word' id='word_1_262' title='bbox 1025 4167 1123 4229; x_wconf 91' lang='lat' dir='ltr'><strong>quae</strong></span> <span class='ocrx_word' id='word_1_263' title='bbox 1146 4154 1312 4214; x_wconf 89' lang='lat' dir='ltr'><strong>restant.</strong></span> 
     </span>
    </p>
   </div>
   <div class='ocr_carea' id='block_1_5' title="bbox 409 4271 1578 4645">
    <p class='ocr_par' dir='ltr' id='par_1_8' title="bbox 409 4271 1578 4448">
     <span class='ocr_line' id='line_1_34' title="bbox 447 4271 1578 4355; baseline -0.002 -18"><span class='ocrx_word' id='word_1_264' title='bbox 447 4275 476 4338; x_wconf 92' lang='grc'><strong>1.</strong></span> <span class='ocrx_word' id='word_1_265' title='bbox 502 4273 571 4338; x_wconf 90' lang='lat' dir='ltr'><strong>Iam</strong></span> <span class='ocrx_word' id='word_1_266' title='bbox 596 4273 702 4339; x_wconf 90' lang='lat' dir='ltr'><strong>oritur</strong></span> <span class='ocrx_word' id='word_1_267' title='bbox 717 4275 876 4354; x_wconf 86' lang='lat' dir='ltr'><strong>quaestio,</strong></span> <span class='ocrx_word' id='word_1_268' title='bbox 901 4273 1019 4354; x_wconf 88' lang='lat' dir='ltr'><strong>quibus</strong></span> <span class='ocrx_word' id='word_1_269' title='bbox 1036 4274 1145 4340; x_wconf 89' lang='lat' dir='ltr'><strong>causis</strong></span> <span class='ocrx_word' id='word_1_270' title='bbox 1166 4273 1318 4340; x_wconf 88' lang='lat' dir='ltr'><strong>commoti</strong></span> <span class='ocrx_word' id='word_1_271' title='bbox 1334 4279 1452 4355; x_wconf 88' lang='lat' dir='ltr'><strong>poetae</strong></span> <span class='ocrx_word' id='word_1_272' title='bbox 1467 4271 1578 4338; x_wconf 89' lang='lat' dir='ltr'><strong>Latini</strong></span> 
     </span>
     <span class='ocr_line' id='line_1_35' title="bbox 409 4415 691 4448; baseline 0 0"><span class='ocrx_word' id='word_1_273' title='bbox 409 4421 441 4424; x_wconf 85' lang='grc'><strong>““</strong></span> <span class='ocrx_word' id='word_1_274' title='bbox 560 4421 567 4426; x_wconf 93' lang='grc'><strong><em>·</em></strong></span> <span class='ocrx_word' id='word_1_275' title='bbox 673 4415 691 4448; x_wconf 64' lang='lat' dir='ltr'><em>U</em></span> 
     </span>
    </p>

    <p class='ocr_par' dir='ltr' id='par_1_9' title="bbox 448 4486 841 4555">
     <span class='ocr_line' id='line_1_36' title="bbox 448 4486 841 4555; baseline 0.008 -15"><span class='ocrx_word' id='word_1_276' title='bbox 448 4487 467 4554; x_wconf 82' lang='lat'><strong>¹)</strong></span> <span class='ocrx_word' id='word_1_277' title='bbox 488 4486 667 4540; x_wconf 86' lang='lat' dir='ltr'><strong>Sniehotta</strong></span> <span class='ocrx_word' id='word_1_278' title='bbox 685 4487 702 4540; x_wconf 93' lang='lat' dir='ltr'><strong>l.</strong></span> <span class='ocrx_word' id='word_1_279' title='bbox 718 4503 739 4543; x_wconf 92' lang='lat' dir='ltr'><strong>c.</strong></span> <span class='ocrx_word' id='word_1_280' title='bbox 759 4503 784 4555; x_wconf 84' lang='lat' dir='ltr'><strong>p.</strong></span> <span class='ocrx_word' id='word_1_281' title='bbox 799 4488 841 4543; x_wconf 82' lang='lat'><strong>29.</strong></span> 
     </span>
    </p>

    <p class='ocr_par' dir='ltr' id='par_1_10' title="bbox 447 4576 1338 4645">
     <span class='ocr_line' id='line_1_37' title="bbox 447 4576 1338 4645; baseline 0.001 -16"><span class='ocrx_word' id='word_1_282' title='bbox 447 4577 467 4645; x_wconf 63' lang='grc'><strong>2)</strong></span> <span class='ocrx_word' id='word_1_283' title='bbox 489 4576 591 4630; x_wconf 89' lang='lat' dir='ltr'><strong>Prisc.</strong></span> <span class='ocrx_word' id='word_1_284' title='bbox 611 4577 665 4631; x_wconf 91' lang='lat' dir='ltr'><strong>VII</strong></span> <span class='ocrx_word' id='word_1_285' title='bbox 684 4578 739 4641; x_wconf 78' lang='grc' dir='ltr'>2,ἴ1</span> <span class='ocrx_word' id='word_1_286' title='bbox 762 4593 786 4645; x_wconf 90' lang='lat' dir='ltr'><strong>p.</strong></span> <span class='ocrx_word' id='word_1_287' title='bbox 801 4580 826 4640; x_wconf 83' lang='lat'><strong>2,</strong></span> <span class='ocrx_word' id='word_1_288' title='bbox 844 4577 905 4644; x_wconf 86' lang='grc'>287,</span> <span class='ocrx_word' id='word_1_289' title='bbox 926 4579 959 4631; x_wconf 76' lang='grc'><strong>15</strong></span> <span class='ocrx_word' id='word_1_290' title='bbox 978 4577 1010 4633; x_wconf 87' lang='lat' dir='ltr'><strong>K.</strong></span> <span class='ocrx_word' id='word_1_291' title='bbox 1036 4607 1069 4616; x_wconf 91' lang='lat'>—</span> <span class='ocrx_word' id='word_1_292' title='bbox 1094 4577 1182 4632; x_wconf 81' lang='lat' dir='ltr'><strong>Neue</strong></span> <span class='ocrx_word' id='word_1_293' title='bbox 1201 4576 1239 4630; x_wconf 82' lang='lat'><strong>1⁸</strong></span> <span class='ocrx_word' id='word_1_294' title='bbox 1257 4593 1282 4645; x_wconf 87' lang='lat' dir='ltr'><strong>p.</strong></span> <span class='ocrx_word' id='word_1_295' title='bbox 1295 4576 1338 4630; x_wconf 81' lang='lat'><strong>87.</strong></span> 
     </span>
    </p>
   </div>
   <div class='ocr_carea' id='block_1_6' title="bbox 0 0 1736 5312">
    <p class='ocr_par' dir='ltr' id='par_1_11' title="bbox 0 0 1736 5312">
     <span class='ocr_line' id='line_1_38' title="bbox 0 0 1736 5312; baseline 0 0"><span class='ocrx_word' id='word_1_296' title='bbox 0 0 1736 5312; x_wconf 95' lang='lat' dir='ltr'><strong> </strong></span> 
     </span>
    </p>
   </div>
  </div>
 </body>
</html>
