3496 5310
944 403 988 470 32

351 623 386 682 et
409 636 450 684 uc
474 616 616 684 Ennium
640 617 769 698 quidem
793 617 967 686 offendisse
992 619 1158 686 videatur.
1205 637 1281 686 nam
1310 623 1345 685 et
1367 617 1520 685 Ennius
1544 623 1581 684 et

350 723 529 791 Lucilius
565 725 688 792 aethera
723 727 931 792 declinarunt
968 726 1071 802 (Eun.
1103 725 1144 792 fr.
1171 727 1251 808 386,
1287 725 1390 792 Lucil.
1427 725 1580 812 subilli)

351 851 471 913 easque
501 839 634 898 secutus
664 831 803 898 Cicero
834 836 929 900 Aret.
950 834 1027 914 134,
1060 833 1116 915 qui
1146 839 1322 915 praeterea
1352 855 1428 900 aera
1452 830 1521 918 (48)
1546 840 1582 898 et

350 939 468 1006 Persea
496 939 566 1024 (20)
598 939 693 1006 dixit.
745 941 865 1007 crescit
900 959 1055 1006 numerus
1092 942 1271 1007 formarum
1307 939 1511 1007 Graecarum
1545 939 1580 1006 iu

349 1046 446 1112 libris
479 1045 747 1129 Lucretianis‚
790 1048 824 1114 in
863 1048 979 1128 quibus
1014 1067 1110 1114 unum
1143 1067 1184 1114 ex
1214 1047 1362 1114 omnibus
1393 1047 1581 1114 nominibus

351 1172 434 1234 quae
451 1153 573 1220 Graeci
590 1155 624 1219 in
648 1155 840 1221 accusativo
864 1174 924 1237 per
946 1178 983 1222 -a
1005 1155 1183 1221 terminare
1207 1156 1324 1236 solent,
1348 1154 1455 1221 latine
1478 1155 1581 1220 decli-

350 1268 463 1326 natum
496 1269 561 1327 est:
602 1261 817 1345 Tyndaridem
847 1262 963 1328 1464.
1016 1269 1130 1328 cetera
1160 1263 1271 1329 omnia
1300 1263 1335 1328 in
1365 1286 1402 1329 ·a
1431 1263 1581 1330 vocalem

349 1368 519 1435 desinunt:
556 1369 734 1436 Achermnta
762 1369 915 1455 Mayneta
938 1370 1136 1438 Phaethonta
1166 1393 1243 1438 aera
1272 1371 1398 1438 antara
1429 1371 1582 1454 lampada

346 1483 497 1558 prestera.

439 1583 497 1650 sed
529 1583 637 1650 annia
662 1583 793 1670 nomina
818 1603 902 1666 quae
928 1586 1015 1667 apud
1038 1590 1156 1667 poetes
1179 1584 1382 1668 posteriores
1406 1590 1580 1669 apparent,

351 1689 469 1757 afferre
499 1691 623 1773 placet,
656 1698 692 1758 ut
723 1698 927 1774 quantopere
957 1700 1076 1774 poetae
1107 1693 1248 1759 Romani
1275 1693 1423 1760 Graecas
1455 1691 1582 1759 formas

351 1801 552 1880 amaverint,
585 1799 724 1866 eluceat.
771 1801 805 1866 in
829 1799 979 1866 Catulli
1011 1800 1210 1867 carminibus
1239 1800 1468 1868 inveniuntur:
1502 1802 1584 1866 Pro·

229 1886 232 1891 ’
344 1908 481 1989 poam
516 1907 713 1974 Aharnam
749 1909 874 1974 name
910 1908 1005 1974 eea
1044 1909 1163 1975 elesa
1194 1909 1319 1989 ulma,
1358 1908 1393 1975 n
1424 1907 1583 1992 vergat

350 2013 457 2079 libris:
493 2013 644 2098 Coryoaa
667 2014 906 2082 Lacedaemona
929 2015 1049 2082 Ixiona
1072 2017 1236 2082 Noernona
1259 2016 1398 2083 inmane
1415 2014 1584 2100 Calydona

349 2121 546 2190 Emathiona
579 2123 736 2189 Helicona
770 2122 907 2189 Ladona
945 2122 1066 2190 Oriona
1102 2123 1224 2192 Sidona
1259 2124 1437 2190 Acheronta
1465 2123 1584 2190 Dano-

346 2229 488 2313 yhoonta
503 2229 686 2296 Laocoonta
702 2231 855 2297 Medonta
873 2230 1047 2298 Calchanta
1061 2231 1418 2315 ErymantarMimanta
1429 2231 1584 2298 Pallanta

349 2336 479 2402 Arcada
510 2337 648 2404 Hectora
678 2338 877 2421 Astyanacta
906 2338 1067 2406 Simoenta
1097 2339 1266 2405 Salamina
1295 2338 1421 2405 Dareta
1447 2339 1584 2406 Pherae

354 2444 544 2527 Tyndarida
567 2483 609 2492 —
633 2445 838 2529 Amaryllida
862 2446 1015 2529 Phyllida
1037 2447 1132 2513 Pana
1155 2483 1197 2493 -
1222 2448 1334 2531 amida
1357 2468 1434 2514 aera
1456 2447 1585 2513 antea

351 2559 474 2618 cratera
508 2553 659 2635 lampada
690 2575 819 2636 paeana
849 2554 982 2620 thoraca
1016 2591 1056 2600 -
1090 2555 1295 2620 acalanthida
1304 2551 1339 2638 1).
1378 2591 1421 2602 -
1455 2555 1583 2621 Anthea

355 2657 477 2726 Caenea
503 2659 636 2727 Chlorea
661 2659 770 2728 Cissea
795 2659 925 2728 Crethea
947 2660 1075 2744 Lyncea
1097 2661 1263 2728 Mnesthea
1292 2661 1414 2746 Pheyea
1443 2661 1585 2729 Rhoetea

351 2765 520 2834 Salmonea
552 2767 671 2835 Thesea
696 2769 803 2836 Terea.
850 2769 1032 2853 Errryethea
1055 2769 1160 2835 Nerea
1187 2767 1320 2851 Orpheo.
1367 2790 1419 2835 -eo
1446 2769 1581 2834 vocales

351 2879 543 2940 contractae
567 2876 700 2940 suntin
725 2893 821 2941 unam
843 2875 1031 2957 syllabam
1022 2895 1056 2940 1u
1076 2873 1202 2959 Orphea
1225 2895 1272 2942 ec.
1291 2875 1338 2942 Vl
1355 2875 1408 2958 30,
1436 2877 1585 2961 Typhoea

351 2999 401 3063 ge.
428 2983 456 3046 1.
475 2999 541 3062 279,
572 2983 741 3049 evocalis
772 2984 934 3064 producta
965 2988 1018 3048 est
1047 2983 1080 3048 in
1104 2983 1234 3050 Ilionea
1258 2983 1276 3048 I
1300 2985 1381 3066 611,
1412 2983 1584 3051 Iaomarea

351 3088 503 3154 111122.

440 3195 631 3262 Horatius
655 3198 716 3263 has
741 3198 865 3264 formes
892 3199 1047 3279 praebet:
1079 3199 1217 3265 Nestora
1240 3197 1421 3266 Acheronta
1443 3199 1584 3266 Pomm

350 3303 587 3386 Ayamemmona
610 3305 779 3372 Salamina
800 3306 962 3390 Lycorida
986 3306 1112 3389 Iayyya
1134 3305 1259 3389 Orphea
1280 3305 1465 3372 Promethea
1487 3306 1583 3372 Pelea

351 3412 462 3494 aeyida
486 3433 561 3477 aera
586 3413 711 3478 aetlmra
732 3413 829 3479 herm
852 3413 885 3478 in
910 3413 1125 3493 carminibus,
1158 3412 1297 3497 Cyclopa
1319 3412 1457 3480 Hectom
1480 3413 1584 3479 Mem-

350 3539 437 3584 nana
470 3519 611 3587 Platona
644 3521 795 3587 Helicona
827 3522 944 3588 Protea
971 3521 1173 3589 Anacreonta
1206 3521 1242 3586 in
1277 3521 1391 3604 epodis
1427 3520 1581 3603 epistulis

352 3626 489 3694 setona.

441 3735 621 3802 Tibullus
638 3735 733 3802 Pelea
756 3734 786 3822 (Ι
810 3737 840 3802 5.
859 3735 907 3822 45)
925 3735 1034 3803 vitare
1050 3754 1114 3803 non
1133 3736 1257 3819 potuit;
1282 3735 1316 3801 iu
1334 3735 1582 3819 panegyrico

351 3843 566 3908 Messallae
590 3844 726 3911 Nestora
750 3844 856 3910 Nerea
880 3866 957 3912 aera
981 3843 1204 3927 reperiuntur,
1228 3843 1262 3909 in
1281 3843 1473 3928 Lygdami
1497 3863 1583 3926 quae

443 4057 461 4128 ¹)
481 4057 532 4112 Sed
557 4057 687 4112 Latinam
715 4059 938 4113 terminationem
966 4058 1042 4114 dedit
1069 4057 1112 4113 his
1138 4057 1307 4113 nominibus:
1339 4055 1467 4113 Sacrae
1490 4056 1521 4112 Π
1540 4057 1583 4127 79,

354 4146 519 4201 Tarchonem
546 4147 587 4200 XI
611 4147 677 4214 727,
708 4147 843 4202 Abantes
870 4149 895 4201 X
919 4149 985 4217 427,
1017 4147 1144 4202 Paridem
1170 4147 1279 4215 V370‚
1311 4146 1450 4216 Dryopem
1476 4147 1503 4200 X
1520 4147 1583 4216 346,

351 4235 488 4304 Meropem
507 4237 547 4290 IX
562 4237 622 4305 702,
640 4237 814 4306 chlamydem.
845 4237 1024 4292 Ribbeckium
1043 4253 1097 4290 nou
1117 4253 1222 4305 sequor,
1242 4237 1290 4302 qui
1308 4237 1477 4290 auctoritate
1496 4235 1583 4290 Lach-

351 4327 445 4379 manni
463 4325 508 4394 (ad
529 4326 770 4396 incredulum)
792 4332 942 4381 commotus
961 4343 1002 4396 ge.
1022 4329 1046 4382 3.
1061 4346 1099 4386 aas
1119 4331 1217 4380 contre
1235 4325 1358 4380 codicum
1377 4327 1582 4394 anctoritatem,

350 4429 464 4480 qnorum
484 4415 560 4468 Fun
579 4415 782 4486 einnonem,
803 4417 824 4468 P
844 4417 1014 4470 ALCYONE
1034 4415 1158 4485 tradunt,
1178 4415 1317 4486 alcyoneo
1336 4416 1455 4483 scripsit.
1485 4415 1583 4485 Vergi-

350 4503 418 4560 lium
443 4507 536 4572 potius
562 4521 660 4559 nornen
685 4504 804 4559 feminae
830 4510 956 4559 mutatae
982 4506 1016 4559 ad
1043 4521 1121 4560 avem
1146 4505 1197 4558 hoc
1223 4505 1283 4559 loco
1306 4504 1486 4560 transtulisse
1504 4509 1582 4575 puto,

351 4595 424 4648 sicut
442 4594 583 4648 hirundini
602 4595 726 4649 Romae
743 4611 841 4651 nomen
861 4595 937 4650 dedit
956 4611 997 4664 ge.
1017 4597 1042 4649 4.
1057 4614 1091 4654 re.
