3442 5324
359 621 409 712 ἥδ’
431 621 497 690 ε”στ’
521 622 628 711 ἐκείνη
652 621 789 712 τοῦργον
812 623 831 712 ἡ
855 623 1098 714 ’ξειργοσμὲνη·

357 727 446 818 τὴνδ’
469 728 598 814 εἵλομεν
620 729 830 800 θάπτουσαν.
862 729 945 796 alta
969 735 1035 798 ποῦ
1057 731 1192 822 Κρέων,·
1289 772 1292 780 ·

144 856 205 922 Cui
229 856 347 923 chorus
370 857 452 923 haec
473 858 650 940 respondet
673 857 716 943 (v.
735 859 829 944 386);

358 979 406 1048 ὅδ’
430 979 465 1048 ἐκ
488 979 599 1065 δόμων
622 979 776 1071 ἄψορρος
799 981 848 1060 εἰς
871 981 946 1050 δέον
969 986 1066 1072 περᾷ.

234 1125 308 1190 Non
342 1124 447 1207 igitur
476 1131 585 1192 custos
619 1125 655 1191 in
687 1126 816 1208 regiam
845 1127 969 1208 pergit,
1005 1127 1062 1192 uhi
1092 1127 1263 1193 Creontem
1298 1147 1369 1194 esse

142 1233 223 1314 scit,
248 1233 305 1298 scd
329 1233 427 1299 choro
452 1252 509 1298 cur
532 1233 733 1316 Antigonam
756 1233 925 1300 reduxerit
948 1233 1088 1316 nuntiat,
1112 1240 1149 1300 ut
1172 1234 1305 1302 Creonti
1328 1238 1371 1302 ad

143 1340 250 1422 ipsum
275 1340 414 1406 exeundi
440 1339 632 1406 facultatem
655 1341 719 1407 det.

232 1447 346 1527 Neque
375 1447 476 1513 aliter
504 1467 540 1514 se
563 1448 651 1530 gerit
673 1449 807 1514 nuntius
836 1448 893 1529 qui
917 1448 1105 1530 Antigonae
1135 1455 1168 1515 et
1191 1449 1370 1518 Haemonis

142 1559 279 1620 mortem
308 1553 484 1620 renuntiat.
532 1554 597 1638 Qui
627 1555 703 1620 dum
733 1555 888 1622 brevibus
911 1555 1022 1621 verbis
1051 1555 1149 1622 choro
1181 1557 1290 1622 omnia
1313 1577 1369 1623 ex-

141 1661 247 1744 plicat
278 1660 321 1746 (v.
342 1661 427 1726 1155
439 1661 516 1745 sq),
548 1662 718 1745 Eurydica
742 1662 795 1728 cui
825 1669 902 1728 ante
930 1681 1040 1729 omnes
1071 1664 1219 1730 nuntium
1249 1664 1369 1731 afferre

140 1769 265 1850 debuit,
289 1786 386 1848 quam
409 1767 445 1833 in
461 1768 683 1834 calamitatem
700 1767 838 1834 maritus
861 1769 1042 1852 incidisset,
1068 1770 1158 1836 foras
1176 1770 1245 1836 exit
1268 1770 1368 1838 fando

139 1895 175 1941 se
207 1874 328 1940 malum
360 1875 442 1941 illud
472 1875 639 1942 audiuisse
670 1875 781 1941 dicens
812 1874 855 1960 (v.
876 1875 961 1941 1183
974 1875 1048 1961 sq).
1095 1876 1236 1943 Tantum
1266 1878 1370 1960 igitur

139 1985 237 2048 abest
269 1987 306 2047 ut
334 1981 468 2048 nuntius
499 1983 542 2048 ad
572 1981 773 2066 Emydieam
802 1982 999 2049 edocendam
1030 1984 1158 2050 domum
1186 1985 1302 2068 intret,
1334 1992 1370 2051 ut

139 2089 201 2156 illa
225 2091 268 2155 ad
292 2109 363 2155 cum
386 2091 533 2172 prodeat.

230 2197 295 2263 Sed
319 2197 487 2262 latendum
518 2203 568 2263 est
591 2204 722 2279 poetam
751 2216 815 2262 non
845 2198 931 2263 male
960 2196 1097 2280 fecisse,
1126 2199 1212 2279 quod
1235 2199 1368 2265 chorum

137 2304 368 2369 Thebanorum
397 2303 539 2386 primum
562 2304 602 2369 de
626 2303 816 2370 calamitate
839 2303 899 2370 illa
922 2304 1095 2370 certiorem
1120 2304 1214 2388 fecit,
1246 2305 1367 2389 quippe

135 2430 277 2491 quorum
300 2411 495 2493 permultum
519 2410 694 2478 interesset
716 2411 802 2477 scire
825 2411 904 2492 quid
927 2431 986 2477 rex
1010 2411 1141 2494 egisset.

228 2534 341 2600 Etiam
364 2535 399 2600 in
423 2534 571 2617 Oedipo
593 2535 700 2617 Rege
723 2535 838 2618 Creon,
863 2536 920 2616 qui
942 2537 1033 2619 regis
1049 2537 1178 2604 visendi
1201 2557 1302 2604 causa
1324 2540 1367 2604 ad

133 2643 266 2726 regiam
290 2642 471 2725 contendit,
502 2644 634 2709 chorum
658 2642 886 2709 Thebanorum
911 2643 995 2711 loris
1018 2644 1172 2710 convenit
1199 2644 1367 2726 eidemque

133 2769 235 2832 quam
260 2751 300 2816 ob
324 2768 393 2816 rem
417 2749 506 2817 adsit
530 2749 665 2833 exponit
688 2749 731 2837 (v.
749 2750 933 2835 512-14):

352 2871 471 2963 ἄνδρες
492 2876 639 2954 πολῖται,
663 2872 742 2942 δείν’
765 2871 829 2963 ε”πη
852 2873 1063 2959 πεπυσμένος

350 2986 542 3071 κατηγορεῖν
565 3006 630 3066 μου
652 2979 710 3048 τὸν
732 2980 892 3071 τύραννον
918 2980 1090 3061 Οἰδίπουν,

351 3087 487 3179 πάρειμ’
510 3086 668 3178 άτλητοῑν.

226 3215 352 3296 Atque·
370 3217 444 3282 dum
474 3215 580 3283 Creon
615 3235 655 3282 ex
687 3217 784 3283 choro
815 3215 964 3298 singulas
997 3235 1050 3282 res
1081 3216 1224 3299 quaerit,
1255 3255 1298 3264 -—
1331 3225 1367 3284 ut

131 3322 261 3404 Oedipo
279 3322 421 3389 facultas
444 3324 539 3389 detur
554 3325 647 3389 domo
671 3323 861 3406 prodeundi,
886 3361 929 3369 -
952 3342 1011 3388 rex
1031 3323 1103 3405 ipse
1124 3343 1203 3390 casu
1226 3325 1362 3392 advenit

130 3432 233 3497 choro
259 3431 462 3497 exclamante
486 3430 530 3516 (v.
547 3429 641 3516 531);

350 3551 450 3632 αὐτὸς
473 3553 502 3621 δ’
525 3552 574 3622 ὅδ’
597 3552 658 3644 ἢδη
682 3551 845 3639 δωμάτων
868 3552 930 3640 ἐξω
953 3558 1051 3644 περᾷ.

223 3681 329 3764 Quam
352 3683 395 3746 ad
417 3680 577 3747 rationem
602 3681 819 3747 adhibendam
847 3700 883 3747 se
905 3684 1003 3748 rebus
1027 3682 1188 3748 scaenicis
1212 3689 1359 3750 coactum

131 3787 312 3870 Sophocles
335 3788 585 3868 haudquaquam
608 3789 735 3871 prodit;
768 3787 969 3869 quinetiam
999 3788 1058 3855 illa
1081 3808 1117 3854 re
1141 3808 1264 3856 summo
1289 3810 1361 3857 cum

132 3894 270 3978 ingenio
295 3895 413 3978 utitur,
444 3902 481 3961 ut
504 3896 621 3963 chorus
645 3896 816 3963 Creontem
844 3896 897 3962 ira
920 3895 1040 3978 Oedipi
1068 3897 1364 4000 affectumxplacet

130 4004 326 4086 priusquam
349 4002 407 4068 ille
431 4003 466 4068 in
489 4003 574 4069 hune
597 4003 781 4071 invehatur.
887 4077 890 4085 ,

224 4108 338 4189 Neque
362 4109 462 4175 aliam
478 4116 609 4176 secutus
632 4110 793 4176 rationem
816 4110 950 4178 nuntius
966 4111 1156 4178 Corinthius
1179 4112 1222 4178 ad
1236 4113 1363 4195 regiam

131 4217 226 4283 sistit
248 4218 364 4299 pedem
387 4218 585 4298 chorumque
608 4218 689 4284 haec
712 4218 898 4301 interrogat
921 4218 964 4303 (v.
982 4218 1165 4304 924-2o):

348 4333 401 4430 ἆρ’
424 4337 464 4407 ἂν
487 4339 567 4431 παρ’
590 4339 694 4427 ὑμῶν,
718 4334 746 4408 ὦ
768 4339 865 4427 ξένοι,
889 4341 1033 4427 μάθοιμ’
1057 4340 1143 4411 ὅπου

348 4446 389 4513 τὰ
412 4452 472 4515 τοῦ
494 4447 657 4538 τυράννου
680 4447 805 4534 δώματ’
828 4449 918 4517 ἐστὶν
937 4449 1100 4528 Οἰδίπους

347 4553 493 4639 μάλιστα
517 4554 546 4622 δ’
570 4554 670 4624 αὐτὸν
693 4554 811 4636 εἴπατ’,
836 4555 867 4623 εἰ
889 4555 1023 4625 κάτισδ’
1046 4556 1141 4626 ὅπου.
