3522 5310
908 286 950 350 42

342 520 385 527 -
409 506 453 546 sr.
474 482 650 547 Periandro
675 492 707 547 at
732 481 900 564 Cleobule,
925 505 1022 569 quem
1047 492 1219 569 utrumque
1244 493 1278 548 ut
1301 493 1515 570 tyraunnme

342 599 467 676 septem
493 591 691 676 sapientium
715 612 850 654 numero
874 599 1033 654 remotum
1055 613 1130 654 esse
1146 592 1287 656 maxime
1303 590 1516 656 memorabile

343 708 402 774 est,
433 718 506 761 cum
531 696 564 760 id
587 706 748 782 ageretur,
780 708 814 760 ut
837 695 865 760 E
891 696 1088 785 Delphicum
1114 696 1334 784 explicaretur
1356 710 1472 786 pentae
1497 723 1517 763 a

342 813 470 890 septem
498 803 701 892 sapientibus
733 804 853 891 templo
883 803 1044 890 Delphico
1081 805 1242 887 dedicata,
1278 828 1383 892 aeque
1418 816 1515 893 atquc

342 909 523 976 Pausanias
549 912 565 975 Ι
587 912 677 992 23,1
704 922 736 977 et
756 911 970 978 Periandrum
996 922 1028 977 et
1052 912 1247 978 Cleobulum
1272 938 1289 978 e
1314 923 1441 1000 septem
1465 935 1515 977 sa·

342 1018 507 1104 pientibus
531 1021 720 1084 nominatim
744 1020 847 1102 affert,
880 1021 1000 1106 quippe
1026 1043 1107 1106 quos
1132 1021 1239 1086 iubis
1264 1023 1428 1086 numerari
1451 1044 1515 1086 non

342 1135 517 1212 exspectes
545 1163 581 1172 —
608 1131 720 1219 ἀρετῆς
742 1135 834 1220 μετὸν
859 1133 930 1197 οὐδὲ
953 1134 1069 1220 σοφίας,
1094 1133 1178 1197 ἀλλὰ
1197 1135 1324 1221 δυνάμει
1346 1134 1398 1197 καὶ
1421 1135 1517 1222 φίλοις

341 1239 394 1302 καὶ
415 1239 517 1324 χάρισι
539 1238 798 1326 καταβιαζόμενοι
832 1241 886 1320 τὴν
913 1239 1008 1316 δόξαν
1042 1239 1183 1324 ἐνέβαλον
1219 1241 1260 1317 εἰς
1293 1238 1429 1328 τοῦνομα
1455 1249 1516 1304 τῶν

343 1353 443 1433 σοφῶν
466 1347 518 1410 καί
540 1368 624 1422 τινας
646 1350 768 1434 γνώμας
789 1348 841 1412 καὶ
864 1348 977 1432 λόγους
1004 1346 1169 1434 ἐξέπεμπον
1197 1349 1249 1411 καὶ
1277 1345 1445 1435 διέπειρον
1476 1347 1518 1424 είς

342 1453 397 1533 τὴν
420 1453 563 1517 Ἑλλάδα
590 1460 654 1530 τοῖς
682 1452 728 1518 ὑπ’
759 1454 877 1518 ἐκείνων
905 1455 1084 1541 λεγομένοις
1110 1455 1241 1540 ὁμοίους.
1289 1450 1384 1536 Diog.
1410 1449 1515 1514 Laert.

343 1555 420 1620 198
443 1561 564 1624 Σωτίων
587 1562 623 1624 δὲ
646 1563 697 1625 καὶ
715 1561 921 1648 Ἡρακλείδης
943 1563 995 1625 καὶ
1018 1561 1164 1650 Παμφίλη
1189 1563 1285 1645 ἐντῷ
1309 1565 1433 1648 πέμπτῳ
1457 1571 1516 1626 τῶν

343 1669 564 1755 ὑπομνημάτων
591 1667 647 1733 δύο
671 1670 743 1756 φασὶ
765 1669 967 1756 Περιάνδρους
994 1671 1160 1756 γεγονέναι,
1197 1671 1250 1732 τὸν
1286 1670 1339 1755 μὲν
1366 1670 1515 1756 τύραννον,

343 1778 397 1840 τὸν
419 1777 455 1838 δὲ
479 1777 571 1863 σοφὸν
595 1777 647 1840 καί
665 1775 909 1864 Ἀμβρακιώτην.
952 1785 1045 1840 τοῦτο
1068 1784 1119 1839 καὶ
1142 1776 1281 1856 Νεάνθης
1304 1779 1391 1864 φησὶν
1415 1779 1431 1841 ὁ
1454 1777 1517 1840 Κο-

231 1881 235 1892 ’
343 1885 463 1964 ζικηνὸς
487 1883 627 1970 ἀνεψιούς
649 1906 684 1946 τε
708 1879 780 1947 εἶναι
805 1883 959 1964 ἀλληλοις.
972 1879 995 1962 ¹)

432 1985 525 2050 Nunc
561 1984 693 2050 demum
725 1986 822 2049 venio
853 1985 895 2049 ad
920 1984 1185 2050 Archetimum
1211 1986 1516 2072 Syracusanum,

345 2094 408 2180 qui
433 2091 534 2180 apud
559 2091 768 2178 Cypselum
797 2102 947 2178 septem
977 2095 1179 2178 sapientes
1204 2093 1367 2158 induxit.
1415 2093 1516 2158 Aetas

344 2202 415 2265 eius
439 2199 617 2264 admodum
639 2200 766 2264 incerta
794 2200 889 2283 τελλ)
934 2199 1095 2286 Roeper³>
1131 2199 1258 2264 infirmo
1293 2202 1386 2264 nisus
1422 2223 1517 2285 argu·

346 2315 453 2372 mento
479 2309 666 2393 suspicatus
690 2316 741 2371 est
764 2329 838 2372 eum
863 2306 951 2371 haud
971 2309 1015 2371 ita
1031 2307 1166 2371 multum
1184 2330 1203 2373 a
1221 2307 1381 2392 Diogenis
1397 2308 1518 2372 Laertii

344 2437 427 2479 aevo
452 2413 583 2496 distare,
609 2416 664 2500 qui
688 2416 759 2479 eius
784 2436 867 2500 opus
888 2413 930 2479 ad
947 2424 1073 2500 septem
1091 2415 1257 2500 sapientes
1275 2425 1429 2501 spectans
1445 2413 1518 2501 ipse

346 2523 562 2609 usurpaverit,
578 2544 643 2588 nou
661 2543 679 2586 e
695 2521 785 2586 sonte
801 2544 861 2586 suo
880 2525 1081 2606 cognoverit.
1117 2521 1192 2587 Mea
1209 2522 1341 2608 quidem
1359 2523 1519 2586 sententia

345 2629 480 2694 adeius
509 2640 647 2694 aetatem
676 2629 896 2694 definiendam
931 2627 1010 2693 illud
1044 2629 1232 2714 gravissimi
1266 2631 1422 2694 momenti
1458 2639 1518 2709 est,

346 2736 433 2824 quod
458 2749 585 2823 septem
609 2739 774 2824 sapientes
798 2736 886 2825 apud
910 2734 1091 2824 Cypselum
1115 2739 1350 2801 convenientes
1374 2736 1464 2801 facit.

435 2844 598 2926 Quoniam
632 2866 795 2931 nusquam
827 2842 1006 2931 Cypselum
1042 2866 1116 2909 cum
1153 2854 1278 2931 septem
1315 2842 1517 2930 sapientibus

346 2955 555 3018 coniunctum
571 2953 768 3034 invenimus,
784 2951 954 3037 probabile
971 2950 1048 3015 mihi
1065 2973 1139 3016 esse
1153 2951 1281 3016 videtur
1293 2950 1518 3016 Archetimum

345 3063 484 3147 primum
520 3059 605 3123 hanc
640 3061 831 3124 societatem
865 3058 1012 3125 finxisse.
1063 3058 1173 3145 Atque
1206 3057 1348 3123 fortusse
1385 3081 1518 3123 causam

345 3167 441 3232 huius
465 3168 513 3232 rei
537 3168 752 3232 inveniemus.
785 3166 965 3230 Periander
988 3165 1126 3231 obtinuit
1143 3165 1275 3252 quidem
1291 3167 1375 3231 inter
1392 3175 1518 3252 septem

345 3273 511 3362 sapientes
536 3284 661 3339 certum
685 3273 793 3338 locum
817 3297 877 3360 per
902 3273 1122 3346 Aristotelem,
1157 3273 1216 3338 sed
1248 3271 1340 3339 illum
1364 3296 1424 3338 suo
1448 3275 1519 3338 iure

346 3385 378 3448 in
401 3380 453 3446 bis
479 3381 715 3446 numerandum
740 3403 815 3446 esse
839 3403 970 3466 semper
992 3390 1145 3465 negatum
1172 3391 1230 3462 est,
1263 3380 1352 3467 quod
1376 3379 1518 3446 crudelis

344 3500 504 3577 tyrannus
539 3491 700 3576 sapientia
733 3489 888 3574 indignus
928 3509 1003 3554 esse
1042 3487 1225 3574 putabatur.
1287 3488 1397 3574 Atque
1432 3488 1519 3552 fama

345 3595 516 3663 Periandri
539 3599 669 3684 tyranni
692 3596 844 3660 omnibus
868 3595 1070 3682 temporibus
1094 3593 1168 3681 plus
1193 3595 1324 3660 valebat
1337 3617 1434 3682 quam
1458 3595 1518 3660 Pe·

345 3705 468 3770 riandri
492 3706 659 3792 sapientie.
708 3704 822 3790 ltaque
846 3702 934 3789 apud
958 3701 1054 3768 talem
1078 3715 1251 3791 tyrannum
1283 3712 1410 3789 septem
1434 3703 1518 3788 sapi-

346 3823 438 3878 entes
462 3813 567 3877 fuisse
591 3834 656 3876 non
672 3821 856 3897 potuerunt.
892 3810 1040 3877 Corinthi
1056 3821 1162 3876 autem
1179 3811 1362 3876 certissime
1378 3810 1517 3892 fuerunt,

346 3919 408 3984 hoc
432 3922 590 3985 memoria
613 3921 797 4007 animisque
821 3917 958 3983 infixum
975 3927 1061 4001 erat3
1085 3940 1205 3982 nomen
1223 3916 1319 3983 modo
1344 3919 1414 3982 eius
1440 3939 1518 4003 quo·

437 4135 456 4203 ¹)
476 4119 576 4187 Mases.
598 4133 638 4186 De
658 4132 820 4201 biographis
834 4131 948 4186 Graecis
961 4135 1066 4202 quaest.
1081 4134 1184 4198 select,
1205 4130 1339 4199 Philolog.
1353 4129 1520 4186 Untersuch.

346 4222 389 4277 ΙΙΙ
409 4242 435 4293 p.
456 4222 506 4276 107
526 4226 556 4276 et
573 4241 600 4292 p.
620 4223 654 4275 57
673 4223 770 4291 aperte
795 4231 878 4291 errat,
908 4237 971 4276 cum
995 4221 1063 4275 dicit
1082 4221 1229 4275 Acanthos
1251 4226 1276 4275 εί
1294 4220 1371 4274 Sotio
1389 4221 1429 4274 ita
1449 4221 1519 4274 litem

346 4311 513 4380 diriruebcut,
534 4316 563 4366 ut
582 4311 752 4381 tyrannidem
770 4312 915 4366 tribuerent
934 4310 1124 4366 Ambraciotaa
1143 4309 1249 4364 cuidam
1268 4310 1427 4381 οομποκιίπί,
1445 4310 1519 4378 sapi·

346 4401 445 4456 antium
466 4399 622 4456 Corinthio'.

436 4492 457 4554 ²)
476 4491 526 4545 Ed.
546 4491 687 4546 Schwartz
706 4491 734 4544 in
755 4489 994 4561 Pauly-Wissowa
1012 4490 1040 4543 Il
1060 4489 1120 4543 460.

437 4581 457 4647 ³)
476 4579 573 4634 Philol.
593 4578 635 4634 Ill
655 4580 748 4647 (1848)
767 4599 794 4650 p.
814 4580 857 4636 39.
