3496 5310
804 437 841 501 ll

301 651 371 717 Hoc
402 669 466 717 uno
495 649 567 716 loco
591 667 610 716 5
633 648 874 733 quinquaginta
898 647 1041 732 quinque
1064 669 1125 733 per
1148 656 1288 718 matrum
1313 651 1442 734 quidem

209 757 328 824 liceret
366 779 436 825 -eas
472 758 505 823 in
543 758 627 824 duas
664 757 818 824 dirimere
852 757 1014 841 syllabas,
1051 759 1110 826 sed
1142 777 1184 825 ne
1218 760 1279 827 hoc
1313 759 1442 842 quidem

211 865 372 933 eiusmodi
396 863 625 947 pronuntiatio
649 870 768 947 poetae
791 864 927 948 placuit.

301 973 459 1039 Mensura
483 971 663 1055 spondiaca
686 971 720 1038 in
745 971 849 1054 primo
872 971 955 1054 pede
976 971 1099 1038 nullam
1116 971 1323 1039 offensionem
1341 973 1444 1041 habet

210 1079 417 1162 comparanti
460 1098 507 1146 ec.
540 1079 624 1145 VIII
653 1080 696 1146 83
738 1075 903 1162 ‘Daphnis
939 1101 988 1145 me
1025 1078 1132 1145 maias
1165 1075 1255 1162 neit’,
1294 1079 1373 1146 ibid.
1399 1081 1442 1148 98

209 1183 354 1253 ‘Moerim
377 1208 469 1270 saepe
491 1182 639 1267 animas‘,
664 1185 743 1252 ibid.
761 1186 804 1252 26
828 1183 952 1269 ‘Mopso
975 1187 1070 1270 Nysa
1093 1182 1198 1254 datnr'
1222 1191 1257 1253 et
1277 1187 1443 1269 permulta

210 1294 374 1378 exempla,
407 1294 441 1359 in
472 1293 590 1376 quibus
622 1293 718 1375 primi
748 1300 906 1375 quattuor
935 1294 1036 1375 pedes
1064 1293 1200 1376 spondei
1224 1299 1316 1361 sunt:
1348 1295 1441 1362 139.

208 1402 263 1469 52.
281 1401 339 1484 63,
371 1401 406 1467 Π
429 1401 487 1484 54,
520 1400 655 1484 11110,
687 1401 736 1468 IV
759 1401 888 1482 2630,
916 1401 1068 1468 Vnae.
1087 1401 1140 1467 24.
1163 1402 1215 1468 53.
1239 1402 1290 1469 63.
1314 1404 1365 1469 15.
1387 1403 1442 1486 84,

210 1508 259 1575 VI
288 1509 340 1575 2-9.
358 1508 411 1575 45.
425 1509 481 1574 47.
500 1507 552 1574 51.
600 1507 679 1589 quin
703 1506 802 1573 etiam
827 1505 936 1574 forma
958 1507 1054 1574 hulus
1078 1506 1183 1589 ipsius
1206 1527 1336 1576 versus:

425 1612 583 1699 ‘Orpheus
605 1617 640 1681 in
663 1615 752 1682 silvis
775 1616 857 1682 inter
879 1615 1045 1698 delphinos
1067 1611 1181 1682 Anione‘

212 1722 697 1807 mmmmme

425 1827 564 1897 ‘Certum
587 1837 632 1898 est
654 1832 690 1898 in
712 1830 802 1898 silvis
825 1832 907 1898 inter
929 1831 1054 1914 5051550
1068 1826 1239 1910 seraram'.

301 1939 365 2006 Sed
408 1937 638 2022 gravissimum
686 1944 912 2022 argumentum
960 1956 1022 2020 quo
1069 1937 1252 2022 Vergilium
1300 1936 1443 2022 Orpheus
1532 1995 1535 2001 .

104 2127 110 2137 .
209 2042 418 2132 δισυλλάβως
429 2044 662 2128 pronuntiasse
674 2045 809 2128 probari
822 2051 942 2129 putem,
957 2046 1018 2111 hoc
1030 2051 1090 2112 555.
1117 2064 1233 2112 versus
1245 2047 1443 2114 antecedens

394 2149 517 2220 ‘meent
540 2158 567 2219 et
592 2154 698 2238 ayonis
720 2153 836 2234 niniae,
861 2153 902 2220 sit
927 2153 1058 2237 Tityrus
1085 2148 1237 2236 Orpheas'

210 2261 325 2327 linitur
359 2278 439 2327 voce
478 2257 620 2344 Orpbeus
654 2255 861 2346 δισυλλάβως
893 2259 1120 2342 pronuntiata.
1171 2260 1204 2326 in
1238 2260 1300 2326 tali
1333 2268 1442 2328 sutem

210 2367 420 2450 repetitionIs
446 2367 554 2451 ligura
577 2385 740 2450 nunquam
765 2387 784 2434 a
806 2365 953 2450 Vergilio
977 2365 1203 2449 pronuntiatio
1227 2373 1356 2436 mutata
1379 2373 1442 2452 est,

211 2474 290 2557 quia
312 2476 364 2543 vis
387 2474 484 2542 huius
507 2473 634 2559 figurae
658 2474 756 2542 valde
778 2473 1034 2541 imminueretur.

213 2582 258 2648 ci.
280 2601 327 2650 ec.
345 2581 378 2649 X
396 2582 511 2670 ralla:
536 2578 706 2650 ‘Pieridesr
728 2603 783 2649 nes
805 2582 881 2650 haee
896 2582 1029 2667 facietis
1051 2584 1195 2650 munima
1219 2581 1335 2652 Gallo

535 2689 648 2759 Gallo
671 2691 762 2757 enias
786 2711 875 2758 amor
897 2697 1018 2758 matam
1035 2691 1115 2756 mihi
1138 2692 1246 2758 nescit
1268 2693 1302 2758 in
1325 2688 1441 2760 horas.

261 2816 309 2864 ec.
328 2797 374 2866 VI
390 2796 509 2872 20121:
534 2793 634 2866 ‘addit
656 2799 830 2865 sasoniam
853 2799 1033 2882 timidisque
1055 2800 1232 2882 mpervenit
1253 2799 1369 2884 Aepie
1444 2869 1448 2881 ,

276 2907 279 2912 ’
533 2905 645 2990 Aepie
667 2907 822 2973 troiadem
841 2905 1055 2988 pulcherrima
1079 2954 1088 2971 .
1115 2956 1121 2970 .
1148 2901 1169 2971 .’

258 3031 305 3079 ec.
323 3012 374 3078 IX
391 3011 508 3089 27128:
533 3008 642 3093 ‘Vara
667 3021 755 3080 ianm
778 3033 888 3080 nomen
911 3019 1035 3096 saperet
1057 3014 1148 3081 modo
1167 3013 1331 3082 Mantua
1353 3015 1443 3082 nobis

533 3121 710 3200 Mantua,
734 3143 792 3187 one
814 3123 957 3200 miserae,
980 3121 1114 3187 nimiam
1130 3123 1235 3189 vicino
1252 3117 1442 3190 Grnnonae'.

302 3226 416 3310 Neque
446 3229 548 3295 solum
580 3229 622 3295 ab
654 3227 696 3294 iis
725 3227 832 3311 poetis
858 3228 914 3311 qui
939 3229 1080 3294 heroicis
1104 3227 1257 3296 versibus
1280 3228 1331 3294 usi
1355 3233 1442 3314 sunt,

213 3335 395 3401 sedetiam
420 3337 461 3402 ab
490 3335 537 3402 eis
568 3355 663 3419 quos,
696 3354 767 3402 oum
798 3335 867 3403 alia
896 3354 1048 3403 versuum
1072 3354 1196 3420 genera
1220 3335 1442 3420 adhibuerim,

212 3442 312 3508 metri
335 3441 518 3510 necessitas
542 3461 660 3528 cogere
684 3462 747 3510 non
772 3443 890 3528 potuit,
915 3465 985 3510 -ens
1000 3441 1119 3525 ubique
1142 3461 1202 3526 pro
1220 3443 1443 3529 monosyllabo

212 3549 361 3617 habitum
384 3555 445 3616 est.
493 3550 687 3616 Horatius
717 3551 750 3616 in
782 3549 982 3616 hexametris
1013 3571 1085 3618 -eas
1113 3550 1149 3616 in
1180 3550 1246 3617 ursi
1274 3550 1383 3633 posuit
1408 3552 1443 3617 in

213 3663 278 3724 art.
302 3663 388 3740 poet.
414 3658 471 3724 96:
508 3657 631 3741 Peleus,
661 3677 687 3723 c.
710 3656 757 3723 IV
780 3658 808 3724 7.
828 3675 876 3728 27:
912 3657 1057 3725 Theseus.
1112 3676 1243 3725 versum
1279 3657 1441 3725 heroicum

213 3765 386 3831 claudunt:
424 3765 558 3833 Proteus
589 3771 653 3832 sat.
684 3763 846 3846 11671,
889 3765 1035 3850 Lynceus
1066 3784 1115 3848 ep.
1146 3765 1163 3832 I
1190 3768 1217 3831 1.
1235 3783 1285 3851 aa,
1325 3766 1444 3834 Atreus

213 3872 440 3956 apochran,
468 3870 611 3955 quhens
634 3870 715 3939 ibid.
732 3872 807 3939 392.
1329 3923 1332 3930 .

302 3979 451 4046 Eandem
475 3979 562 4047 viam
586 3980 756 4063 ingressus
781 3978 889 4046 estin
913 3979 1035 4046 ceteris
1057 3978 1267 4064 carminibus,
1292 3980 1443 4062 equibus

214 4085 325 4153 omnia
355 4105 440 4168 quae
469 4087 684 4156 inveniuntur
715 4086 846 4153 nomina
878 4085 994 4154 aliero:
1026 4087 1228 4156 Prontetieas
1252 4088 1441 4174 c.116.13,

212 4194 248 4260 II
271 4194 389 4277 1637,
427 4195 520 4277 epod.
549 4193 650 4261 XVII
671 4196 729 4277 67,
768 4194 901 4262 Pnoteas
938 4193 1110 4277 e.12.e,
1150 4195 1273 4263 Nereus
1302 4195 1321 4260 I
1347 4195 1397 4262 15.
1413 4213 1440 4280 5,

215 4301 382 4386 Ihyoneas
411 4300 429 4367 I
454 4303 568 4386 1123,
602 4302 764 4388 Typhoeus
787 4300 841 4368 III
865 4303 895 4368 4.
909 4319 959 4385 53,
982 4303 1142 4370 Poteras
1164 4301 1218 4368 HI
1241 4304 1271 4369 4.
1285 4319 1335 4386 64,
1360 4303 1442 4371 Eni-

207 4431 290 4492 peas
312 4409 366 4474 III
383 4411 470 4492 123,
496 4410 617 4478 Nisens
640 4409 693 4476 III
709 4410 761 4476 20.
777 4427 819 4492 15,
844 4408 1032 4478 Idomeneus
1055 4409 1103 4476 IV
1119 4411 1209 4482 650.

303 4517 485 4584 Tibullus
518 4517 754 4586 nominativum
788 4517 945 4584 eiusmodi
977 4517 1141 4584 nominum
1173 4517 1311 4600 vitavit,
1346 4519 1441 4586 Pro·

213 4623 368 4707 partius
396 4623 430 4691 in
461 4623 603 4708 quinque
633 4630 762 4693 tantum
790 4624 942 4693 versibus
968 4623 1103 4693 admisit
1132 4629 1167 4692 et
1196 4625 1248 4693 bis
1278 4625 1442 4712 syllabam
