3496 5310
946 397 989 465 62

354 613 481 697 scripta
503 618 566 698 est,
579 611 941 695 posteriorislittarae
965 612 1115 680 Graecae
1139 617 1295 680 servatae
1318 619 1403 680 sunt.
1446 613 1582 681 scribae

353 721 435 788 haec
465 721 544 802 pars
573 718 741 802 posterior
770 718 866 787 nimis
897 719 1007 786 aliena
1037 739 1058 788 a
1087 737 1238 786 sermone
1263 719 1384 787 Latino
1414 719 1489 788 visa
1518 725 1582 803 est,

353 845 456 910 qnam.
469 831 517 893 ιιι
539 825 673 894 Latinis
701 826 825 894 litteris
855 826 988 894 exarari
1017 831 1140 909 posset.
1187 827 1250 894 hae
1274 833 1354 894 sunt
1377 826 1581 894 elocutiones

352 935 446 1002 illae:
485 933 568 1000 Non.
599 935 719 1005 519.-2
749 965 782 990 =
815 934 857 1000 fr.
882 935 948 1001 335
983 955 1137 1022 νεηυεσσι
1169 956 1461 1024 ηαταηομενοισιν,
1497 935 1580 1002 Νοιι.

353 1042 405 1108 25.
423 1058 457 1112 31
481 1071 515 1094 =
529 1041 581 1106 ir.
599 1041 664 1108 386
689 1041 1150 1130 coltploccmorodctropvoov.
1197 1041 1275 1108 hinc
1305 1047 1446 1125 apparet
1476 1043 1583 1108 multa

353 1155 501 1215 monstra
535 1147 713 1215 verborum
749 1167 833 1231 qaae
869 1148 903 1215 in
939 1149 1047 1216 Lucili
1085 1148 1233 1231 reliquiis
1271 1149 1501 1232 inveniuntur,
1542 1167 1583 1216 ex

353 1255 635 1322 enuntiationibus
659 1255 798 1322 Graecis
822 1255 948 1322 litteris
971 1255 1107 1339 scriptis
1131 1261 1208 1322 orta
1231 1274 1313 1324 csse.

441 1363 482 1429 In
504 1361 696 1429 Varronis
719 1363 903 1446 Menippeis
927 1364 1092 1446 permulta
1115 1363 1246 1430 nomina
1270 1362 1375 1430 latine
1398 1363 1583 1431 reformata

353 1469 535 1538 scribarum
574 1471 658 1538 vitio
697 1470 831 1538 litteras
868 1471 1009 1538 Latinas
1047 1489 1228 1554 usurpasse
1265 1470 1331 1539 iam
1366 1473 1581 1539 Buecheler

352 1577 451 1660 vidit,
499 1577 554 1660 qui
600 1577 849 1660 nonnunquam
877 1579 1023 1647 Graecas
1071 1578 1202 1646 litteras
1252 1579 1416 1662 restitnit,
1463 1585 1501 1646 ut
1547 1579 1581 1646 in

352 1686 541 1770 fragmento
570 1685 671 1772 3481)
707 1683 881 1774 φωνασκία
918 1686 952 1752 in
991 1703 1055 1768 quo
1090 1685 1217 1752 codices
1252 1686 1393 1753 Noniani
1408 1761 1411 1768 ,
1427 1682 1581 1771 ‘fontem’

352 1794 501 1860 tradunt.
561 1793 719 1877 dactylici
757 1791 886 1875 quidem
925 1794 1023 1860 matri
1062 1793 1221 1876 reliquiae
1260 1795 1383 1862 mrdtae
1420 1814 1487 1861 non
1524 1813 1580 1860 ex-

264 1888 267 1892 ’
351 1905 458 1984 stant,
493 1917 629 1982 quarum
662 1917 727 1966 uno
758 1901 830 1967 loco
861 1901 992 1969 Graeca
1023 1901 1255 1968 terminatione
1282 1921 1361 1968 usus
1392 1910 1445 1970 est
1471 1901 1580 1968 Varro

351 2006 437 2095 (frg,
455 2007 538 2092 130)
573 2007 608 2074 in
645 2007 709 2074 fine
746 2007 962 2090 pentametri:
1003 2004 1143 2076 ‘Naidas
1174 2006 1363 2078 aadaolcc‘.
1413 2009 1472 2076 sed
1507 2027 1581 2076 cum

351 2115 385 2180 in
414 2115 463 2181 ois
486 2114 733 2199 Menippasrum
757 2116 909 2197 pertibus
933 2133 1016 2198 quae
1040 2135 1058 2182 e
1082 2115 1233 2184 versibus
1258 2118 1335 2183 alio.
1348 2121 1452 2187 metro
1477 2114 1580 2183 factis

351 2229 507 2289 constant
537 2223 593 2290 vel
623 2222 772 2290 oratione
799 2223 908 2290 soluta
939 2221 1084 2306 scriptae
1118 2229 1212 2308 sunt,
1243 2242 1402 2307 persaepe
1430 2223 1580 2291 Graecas

350 2329 601 2397 terminationes
632 2329 818 2413 admiserit,
851 2349 932 2412 quas
963 2350 984 2397 a
1014 2331 1181 2414 plerisque
1210 2332 1318 2414 poetis
1349 2331 1515 2414 quiante
1546 2336 1580 2399 et

350 2443 426 2520 post
450 2437 631 2505 Varronem
656 2435 806 2520 fuerunt,
835 2440 961 2506 vitatas
977 2455 1059 2505 wesso
1080 2439 1223 2507 vidimus
1247 2477 1291 2488 -
1314 2440 1408 2507 velut
1429 2439 1580 2507 Arcados

352 2543 436 2631 (ing.
457 2545 537 2630 101)
561 2544 703 2612 Hilerda
727 2543 808 2631 (frg.
829 2546 910 2632 170)
944 2583 987 2594 -
1020 2563 1092 2612 eum
1124 2544 1412 2613 terminationibus
1436 2545 1578 2614 Graecis

350 2669 445 2734 qnam
471 2651 610 2718 maxime
634 2651 760 2719 lavisse
783 2651 854 2719 inre
878 2653 1077 2736 putabimus.
1141 2705 1142 2712 ι

439 2759 654 2826 Lucretius
685 2759 816 2827 ratione
846 2777 910 2827 non
933 2760 1031 2828 valde
1056 2759 1190 2828 diversa
1213 2761 1255 2828 ab
1280 2759 1389 2828 Ennio
1412 2778 1491 2828 usus
1515 2767 1578 2828 est.

350 2867 489 2934 maxime
520 2885 652 2950 oporam
684 2867 789 2950 dedit,
821 2874 859 2934 ut
888 2868 1062 2950 plerosque
1091 2869 1239 2935 Graecos
1271 2868 1428 2936 terminos
1458 2867 1514 2951 qni
1545 2866 1578 2934 in

350 2969 562 3057 philosophia.
584 2975 704 3042 summi
734 2977 887 3042 momenti
919 2982 1031 3059 etant,
1070 2975 1190 3060 quippe
1220 2975 1276 3059 qui
1307 2977 1437 3046 Graeca
1468 2977 1579 3042 forma

350 3081 392 3148 ad
415 3081 580 3149 Romanos
603 3082 847 3167 pervenissent,
879 3083 1035 3150 Latinum
1059 3083 1092 3151 in
1116 3103 1299 3151 sermonem
1323 3088 1480 3152 verteret.
1530 3083 1579 3150 ita

351 3187 478 3256 iactum
502 3197 564 3272 est,
589 3197 626 3256 ut
649 3209 735 3258 nova
759 3190 858 3258 etiam
883 3193 987 3258 verba
1010 3192 1174 3258 formaret
1195 3191 1280 3259 siout
1298 3193 1488 3278 primordio,
1514 3210 1580 3274 quc

350 3317 431 3365 voce
454 3293 600 3381 ἀτίμους
616 3297 814 3365 Graecorum
838 3297 1051 3382 significaret.
1084 3299 1142 3366 sed
1166 3317 1340 3384 persaepe,
1365 3299 1444 3382 quia
1467 3298 1498 3364 ei
1515 3317 1578 3365 non

350 3404 547 3489 contigeret,
572 3411 610 3471 ut
633 3392 740 3471 latinsw
758 3405 957 3489 exprimeret
981 3423 1066 3488 quae
1089 3407 1177 3489 apud
1197 3406 1406 3490 philosophos
1428 3404 1577 3473 Graecos

350 3510 555 3595 inveniebat,
591 3512 684 3579 velut
715 3512 975 3594 tomwmcriou,
1010 3513 1141 3584 Graeca
1175 3532 1312 3581 servare
1344 3520 1481 3580 coactus
1514 3518 1576 3580 est.

351 3617 556 3701 appellativa
580 3619 712 3686 Graeca
742 3618 929 3686 iamdudum
959 3627 1040 3687 nota
1063 3626 1164 3688 erant
1186 3620 1344 3688 Romanis
1367 3639 1439 3688 cum
1463 3639 1483 3688 e
1505 3620 1577 3688 vite

350 3725 518 3794 cotidiana
541 3733 609 3794 tum
632 3745 651 3793 a
674 3727 852 3794 comoediis
868 3727 1043 3795 Plautinis.
1075 3747 1181 3811 neque
1200 3727 1338 3795 difficile
1354 3733 1428 3796 erat
1451 3727 1576 3796 formas

351 3833 497 3902 Graecas
527 3834 649 3920 vitare,
680 3853 753 3901 eum
784 3835 922 3918 propria
952 3836 1081 3918 quidam
1112 3837 1243 3904 nomina
1268 3836 1398 3903 Graeca
1420 3834 1576 3903 Lucretio

350 3961 427 4010 raro
452 3942 625 4010 admodum
649 3941 837 4012 adhibenda
860 3953 982 4024 essent.
1428 4001 1430 4006 .

317 4028 324 4115 ἶ
439 4049 615 4116 Rationem
641 4050 737 4117 ualde
761 4050 924 4117 diversam
942 4050 1080 4117 (licero
1103 4050 1138 4118 in
1155 4051 1290 4126 Arateis
1306 4050 1395 4118 iniit:
1420 4050 1455 4118 in
1471 4050 1575 4118 medio

318 4140 445 4240 iquosi
480 4158 609 4238 positus
643 4157 730 4224 inter
764 4157 963 4225 vetustiores
995 4163 1033 4224 et
1068 4158 1270 4226 recentiores
1305 4164 1420 4242 poetas
1454 4159 1577 4242 primns

320 4297 323 4304 ·
349 4265 462 4348 plnres
485 4263 619 4335 admisit
642 4263 765 4332 formas
790 4261 945 4333 Graecas.

441 4443 460 4515 ¹)
480 4441 613 4497 Numeros
626 4441 767 4512 adscripsi,
787 4443 885 4510 quibus
898 4441 1047 4497 Buecheler
1066 4443 1202 4514 (Patauii
1218 4444 1323 4499 scarae
1340 4449 1366 4498 et
1384 4443 1452 4498 iiber
1464 4442 1575 4512 Rispa-

350 4545 435 4590 oram.
456 4532 579 4587 adiectae
597 4537 663 4587 aaut
686 4531 820 4588 Varronis
838 4537 864 4587 at
882 4531 997 4588 &mecm
1014 4533 1120 4587 satirae
1140 4533 1294 4602 similesque
1312 4532 1451 4602 reliquiae.
1487 4531 1574 4588 Berol.

351 4621 431 4692 1882)
449 4635 518 4676 usus
536 4625 587 4676 est.
