3442 5324
830 407 1023 502 .4-.

306 620 476 688 vissiman
502 618 626 700 dialogi
650 622 777 700 partem
802 616 948 700 incipere
964 617 1075 684 verbis
1098 615 1202 702 (ddi)
1218 613 1336 682 ’Ἀκουε
1360 613 1411 703 δή,
1434 614 1531 703 φασί,

306 724 395 810 μάλα
419 727 520 791 καλοῦ
543 722 649 809 λόγου.
683 725 796 808 (Gorg.
822 727 933 790 523A
957 723 1074 791 ’Ἀκουε
1102 721 1158 812 dd,
1187 725 1288 812 φασί,
1318 721 1408 807 μάλα
1430 724 1532 788 καλοῦ

306 830 415 916 λόγου)
439 833 460 918 ).
508 833 680 899 Invenitur
710 839 818 897 autem
849 851 968 914 magna
997 831 1178 897 similitudo
1208 832 1241 896 in
1271 832 1335 896 fine
1364 831 1436 913 ipso
1460 831 1532 896 dia·

307 941 375 1022 logi
400 959 471 1006 cum
495 940 646 1005 Phaedro
675 939 765 1004 clarc
789 941 1016 1005 demonstrans
1040 946 1137 1018 atque
1163 939 1341 1020 evidenter,
1373 939 1533 1018 quomodo

306 1050 435 1112 Aeneas
459 1047 564 1112 soleat
589 1047 765 1128 decerpere
794 1045 922 1112 fructus
946 1065 986 1111 ex
1011 1046 1164 1127 operibus
1188 1052 1255 1136 tum
1283 1045 1434 1111 Platonis
1463 1051 1531 1110 tum

305 1154 454 1220 aliorum.
502 1153 586 1218 Nam
616 1172 690 1218 raro
722 1153 761 1217 fit
790 1160 826 1218 ut
857 1155 1056 1220 adverbum
1090 1153 1257 1218 describat
1280 1153 1430 1234 exempla
1460 1171 1531 1232 sua,

308 1279 436 1342 semper
462 1261 530 1326 fere
555 1267 732 1326 commutat
756 1261 951 1337 sententiae,
982 1260 1074 1325 addit
1098 1279 1181 1340 quac
1205 1260 1359 1326 videntur
1386 1261 1532 1343 adrem,

306 1369 408 1434 demit
430 1387 514 1448 quae
537 1368 644 1432 minus
669 1373 744 1448 apte
770 1367 912 1433 orationi
938 1367 1156 1432 includuntur.

305 1493 444 1558 Plraedr.
470 1493 578 1556 279ss
601 1484 641 1556 Ὦ
656 1491 734 1580 φίλε
759 1489 832 1556 Πάν
856 1515 891 1556 τε
948 1492 1137 1572 Aen.78,12
1158 1483 1196 1555 Ὦ
1218 1491 1356 1576 βασιλεῦ
1378 1491 1433 1556 καὶ
1457 1488 1532 1556 πά-

350 1599 404 1665 καὶ
443 1595 536 1664 ἄλλοι
576 1596 648 1664 ίῖοοι
687 1600 765 1684 τῇδε
805 1597 891 1675 θεοί,
992 1623 1047 1685 τερ
1149 1589 1176 1661 oi
1196 1595 1313 1687 npo'un
1338 1598 1442 1685 σοφία
1473 1603 1533 1663 τοῦ

350 1704 485 1792 ὄοίητὲ
522 1730 579 1789 μοι
612 1706 701 1790 καλῷ
736 1703 891 1790 γενέσθαι
993 1703 1127 1791 Πατρός
1228 1697 1254 1770 ὦ
1271 1709 1409 1788 Πνεῦμα
1419 1703 1532 1789 Ἅγιον

451 1811 522 1895 ἐμοὶ
559 1811 620 1895 μὲν
654 1809 714 1902 γὰρ
750 1812 893 1900 μετρίως
1079 1804 1106 1876 ὦ
1129 1812 1209 1878 θεία
1232 1809 1327 1900 τριὰς
1350 1813 1403 1878 καί
1428 1811 1533 1895 μονὰς

351 1912 489 2006 ηὖκται
599 1921 710 2003 ἴωμεν.
991 1917 1083 2004 ἁγία,
1122 1919 1235 2007 δοίης
1268 1917 1346 2007 ἡμῖν
1374 1923 1435 1984 τοῦ
1464 1917 1532 1985 ἄνω

990 2023 1131 2102 κάλλους
1164 2023 1223 2114 τὴν
1252 2024 1382 2115 μνήμην
1422 2079 1428 2090 .
1457 2080 1464 2093 .
1490 2080 1497 2093 .
1523 2079 1531 2094 .

990 2131 1115 2209 ‘luctor
1145 2131 1223 2221 ἡμῖν
1256 2129 1395 2220 peierat
1425 2153 1432 2166 ·
1463 2131 1534 2198 ἀλλ’

991 2241 1121 2323 immeo

397 2366 486 2432 Satis
520 2366 668 2431 docuisse
699 2366 814 2432 videor
842 2366 985 2430 Aeneam
1019 2365 1052 2431 in
1086 2371 1252 2431 structura
1283 2365 1408 2447 dialogi
1439 2385 1533 2431 usum

307 2494 377 2538 esse
402 2473 571 2538 elementis
600 2492 682 2553 quae
707 2479 838 2537 exstant
869 2473 902 2537 in
927 2473 1033 2538 tribus
1058 2472 1154 2537 libris
1177 2472 1340 2554 Platonis,
1370 2473 1532 2552 Phaedro,

308 2581 443 2663 Gorgia,
469 2581 661 2660 Protagora.
709 2581 811 2644 Nemo
837 2579 939 2660 igitur
963 2579 1026 2644 crit
1050 2580 1105 2659 qui
1130 2580 1270 2660 dubitet,
1299 2579 1378 2659 quin
1404 2581 1533 2645 Aeneas

307 2689 365 2754 lios
390 2688 492 2752 libros
515 2687 643 2768 legerit.

396 2794 459 2858 Sed
488 2813 570 2874 quae
596 2794 832 2874 demonstravi,
863 2795 980 2859 docent
1008 2800 1098 2859 certo
1122 2793 1266 2859 Aeneam
1297 2794 1428 2860 novisse
1453 2813 1534 2860 non-

307 2901 398 2966 nulla
428 2901 578 2966 Platonis
609 2921 725 2982 opera,
759 2921 822 2965 non
854 2901 972 2965 docent
1001 2920 1073 2965 cum
1105 2901 1275 2966 Platonem
1305 2901 1404 2966 semel
1435 2906 1534 2981 atque

309 3009 423 3073 iterum
449 3008 584 3088 legisse,
617 3027 679 3072 non
705 3009 821 3073 docent
850 3027 921 3072 eum
950 3007 1034 3074 alios
1058 3027 1184 3088 quoque
1207 3008 1358 3073 Platonis
1383 3007 1534 3089 dialogos

308 3115 436 3194 legisse.
499 3116 593 3198 Quod
631 3122 667 3180 ut
704 3116 974 3196 demonstremus
1018 3116 1158 3196 primum
1198 3116 1329 3181 Aeneae
1368 3115 1534 3180 scribendi

308 3240 409 3302 gertus
452 3241 675 3303 comparemus
719 3241 789 3287 cum
830 3222 983 3303 Platone,
1027 3231 1093 3287 tum
1132 3223 1374 3288 consideremus
1416 3222 1535 3288 simili-

308 3328 447 3409 tudines
474 3348 556 3409 quae
581 3337 713 3394 exstant
736 3329 823 3394 inter
847 3330 1015 3410 utriusque
1040 3329 1229 3394 sentcntiae.

397 3435 502 3515 Atque
529 3435 687 3500 facillime
705 3436 834 3515 quidem
859 3437 1019 3502 retinetur
1034 3437 1192 3502 memoria
1217 3436 1345 3502 initium
1363 3436 1533 3501 orationis.

308 3546 412 3625 Quam
455 3544 494 3606 ob
535 3561 602 3606 rem
650 3544 800 3608 Aeneas
842 3544 1075 3625 saepissime
1120 3547 1166 3608 ab
1208 3543 1351 3608 eisdem
1400 3543 1535 3609 verbis

308 3649 425 3713 sumit
451 3648 608 3713 initium
633 3649 825 3714 sermonis
849 3669 893 3714 ac
916 3650 1040 3714 Plato.
1088 3651 1249 3732 Exempla
1274 3649 1426 3715 afferam:

311 3775 389 3838 Aen.
418 3775 470 3853 l,u
524 3765 543 3861 ἦ
577 3771 735 3861 πολλῇ-ν
770 3771 893 3862 χοίρικι1
947 3774 1045 3840 Polit.
1076 3775 1181 3840 257A
1208 3766 1227 3861 a}
1250 3771 1396 3862 πολλὴν
1419 3771 1537 3864 χάριν

353 3873 429 3946 oilla
452 3883 498 3963 τῷ
522 3877 694 3964 aretinum.
994 3879 1117 3970 ὀφείλω
1142 3887 1205 3948 σοι.

333 3989 384 4068 l,s
411 3984 456 4051 Ἢ
480 3984 518 4051 oa'
541 3985 723 4075 pipo-poan·
949 3991 1026 4072 LyS.
1047 3990 1157 4055 2221)
1183 3985 1200 4075 i}
1225 3985 1264 4053 οὐ
1287 3986 1479 4076 μὲμνηοέλες

331 4097 395 4175 ἑλο
429 4090 500 4158 ἀλλ’
523 4095 634 4178 ἴωμεν.
949 4096 1141 4178 saepissime
1162 4096 1329 4161 invenitor
1352 4096 1439 4176 apud
1458 4095 1537 4160 Pla-

992 4211 1109 4268 tonem.

333 4310 400 4388 4,ιο
436 4305 557 4395 'lipoiru
592 4307 643 4396 dij,
679 4311 787 4396 εἴπερ
822 4336 891 4392 μοι
949 4311 1028 4390 Rep.
1053 4311 1096 4376 [V
1116 4311 1228 4376 4301)
1258 4307 1379 4374 α’λλέί
1401 4305 1537 4392 ἔμοιγε

353 4413 485 4499 βούλει
511 4417 762 4504 χαρίζεσθαι.
992 4414 1125 4502 ,tollet
1155 4399 1413 4502 χαρίζεσθαι]

309 4543 519 4551 ιιι-ι--ω

402 4595 419 4664 ¹)
440 4595 481 4651 (Es.
502 4596 607 4649 Russus
628 4595 645 4650 l.
659 4595 675 4650 l.
699 4597 727 4648 ll
750 4596 811 4650 adn.
826 4597 850 4648 2.
