3522 5310
903 262 922 326 8

323 480 429 544 neque
453 459 485 521 in
511 459 700 522 universum
725 458 765 522 de
790 467 917 546 septem
942 457 1146 546 sapientibus
1167 461 1235 542 agit
1251 456 1365 522 dicens
1382 462 1499 526 τούτων

322 567 399 648 ἦσαν
420 569 448 634 οἱ
472 569 558 644 ἑπτά,
584 587 624 628 ex
650 565 764 630 haere
790 568 941 630 conicere
964 564 1040 630 licet
1056 562 1224 629 Platonem
1248 562 1394 629 noluisse
1418 563 1499 628 alios

322 669 470 756 intellegi
490 680 587 758 atque
601 695 684 758 quos
698 675 770 759 ipse
784 675 816 737 iu
842 675 950 738 animo
976 671 1121 738 haberet.
1150 672 1265 758 Itaque
1290 670 1498 736 statuendum

323 781 374 842 est
397 779 462 842 iam
486 777 633 843 Platonis
660 787 765 844 aetate
795 803 859 845 non
884 783 1028 845 omnium
1061 801 1228 844 consensu
1252 778 1386 844 eosdem
1411 780 1499 843 viros

325 887 357 948 in
383 895 509 972 septem
535 888 731 973 sapientium
755 910 892 953 numero
917 886 1045 952 habitos
1071 909 1155 970 esse,
1181 887 1242 950 sed
1258 885 1369 972 plures
1386 907 1498 951 eorum

323 991 489 1078 catalogos
519 995 694 1059 exstitisse.
741 999 848 1082 Atque
877 1017 913 1059 re
946 1017 1026 1059 vera
1055 994 1272 1059 demonstrari
1296 1003 1405 1081 potest
1428 993 1498 1058 Pla·

323 1101 407 1164 tonis
432 1109 537 1165 aetate
555 1098 654 1166 alium
672 1101 856 1187 catalogum
869 1101 983 1189 fuisse,
1008 1104 1041 1165 in
1066 1123 1130 1188 quo
1149 1101 1395 1167 Anacharsis
1420 1113 1497 1166 erat.

415 1208 585 1293 Diogenes
622 1211 707 1274 enim
746 1211 897 1274 Laertius
934 1209 1031 1274 tradit
1054 1209 1083 1292 (I
1122 1211 1163 1274 41
1193 1212 1328 1302 Ἔφορος
1362 1215 1398 1277 δὲ
1435 1213 1500 1278 ἀντὶ

326 1319 471 1397 Μύσωνος
489 1319 684 1409 Ἀνάχαρσιν)
707 1317 878 1404 Ephorum
902 1340 960 1404 pro
983 1317 1121 1403 Mysone
1141 1316 1348 1381 Anacharsin
1370 1327 1496 1402 septem

327 1422 530 1508 sapientibus
566 1423 796 1510 adscripsisse.
848 1423 917 1490 Sed
951 1423 992 1489 ab
1027 1423 1160 1511 Ephoro
1194 1445 1303 1488 rerum
1339 1425 1500 1517 scriptore

323 1530 426 1614 primo
463 1529 525 1594 hoc
560 1532 684 1595 factum
720 1553 795 1595 esse
831 1530 918 1596 haud
953 1530 1050 1596 facile
1089 1541 1195 1618 putes,
1243 1533 1370 1595 etiamsi
1406 1529 1499 1597 Wul-

324 1636 386 1701 fius
411 1636 431 1702 l.
456 1637 476 1702 l.
503 1625 533 1724 p.
562 1638 603 1703 10
626 1659 659 1683 =
686 1638 749 1702 172
785 1638 967 1703 contendit:
1017 1639 1177 1721 Ephorus,
1213 1641 1269 1722 qui
1302 1642 1403 1704 nescio
1433 1661 1500 1720 qua

214 1825 218 1829 ι
322 1748 446 1810 ratione
467 1746 579 1812 dactus
602 1747 855 1812 Auatha-raideri
876 1753 992 1828 aaran
1015 1749 1208 1830 sapientium
1224 1747 1350 1830 octuplo
1375 1748 1415 1811 ab
1430 1746 1500 1830 ipso

323 1853 519 1934 adscriptum
542 1854 641 1918 addit.
690 1853 794 1917 Immo
819 1852 950 1939 probari
974 1863 1083 1941 potest
1104 1852 1308 1919 Anacharsin
1338 1855 1402 1918 iam
1425 1865 1499 1918 ante

323 1959 491 2045 Ephorum
515 1961 600 2024 inter
623 1970 749 2047 septem
774 1961 940 2046 sapientes
957 1970 1163 2025 numeratum
1180 1981 1265 2025 esse.
1297 1959 1499 2025 Anacharsis

324 2069 410 2131 euim
435 2067 524 2152 apud
538 2067 722 2132 Diodorum
745 2067 795 2131 IX
812 2067 854 2132 26
882 2078 914 2133 et
941 2069 974 2132 in
996 2067 1125 2154 dialogo
1141 2069 1500 2161 Lucianeo’Arciyupctg

323 2181 430 2267 ἢπερὶ
452 2181 624 2267 γυμνασίων
653 2198 789 2264 prorsus
819 2173 902 2240 alius
934 2175 1132 2240 describitur
1160 2185 1256 2260 atque
1286 2199 1383 2262 quem
1413 2175 1499 2263 apud

323 2282 528 2347 Herodotum
552 2281 613 2366 (IV
642 2282 697 2366 76)
723 2285 966 2368 cognoscimus,
1000 2285 1054 2368 qui
1085 2282 1286 2348 Graecarum
1320 2282 1499 2348 litterarum

324 2389 463 2476 cupidus
494 2387 640 2454 Athenas
670 2389 768 2473 adiu)
804 2399 901 2475 atque
938 2389 1068 2454 domum
1104 2413 1260 2455 reversus
1297 2389 1500 2456 Graecorum

325 2496 414 2562 cultu
427 2507 459 2561 et
473 2496 671 2561 humanitate
684 2497 827 2562 imbutus
841 2499 927 2562 diem
942 2520 1130 2584 supremum
1148 2497 1224 2562 obit.
1272 2500 1311 2563 ln
1328 2499 1376 2563 eis
1393 2508 1500 2564 autem

326 2627 410 2690 quae
440 2603 527 2691 apud
552 2603 734 2668 Diodorum
763 2608 849 2669 etin
875 2605 1011 2670 Luciani
1041 2603 1169 2690 dialogo
1198 2604 1239 2669 de
1270 2605 1500 2670 Anacharside

326 2711 445 2777 tradita
473 2723 549 2776 sunt
577 2733 683 2797 aeque
718 2721 814 2798 atquc
844 2714 874 2776 in
912 2712 1008 2776 dictis
1045 2734 1129 2797 quae
1166 2713 1226 2778 sub
1263 2715 1334 2778 eius
1370 2715 1501 2779 nomine

325 2821 483 2899 feruntur,
531 2828 655 2884 certum
702 2817 872 2884 consilium
921 2842 1121 2906 sensumque
1168 2822 1278 2884 inesse
1325 2823 1379 2907 qui
1428 2843 1500 2886 cum

327 2927 527 3014 Cynicorum
545 2927 692 2991 doctrina
705 2938 872 3011 congruat,
888 2929 1020 3012 egregie
1033 2926 1269 2992 demonstravit
1280 2929 1316 2994 R.
1336 2928 1499 3014 Heinze2).

328 3034 393 3100 Sed
417 3043 452 3100 ut
475 3036 508 3098 in
533 3033 670 3099 Diodori
696 3036 878 3098 narratione
900 3035 1097 3121 Cynicorum
1124 3038 1285 3100 sententia
1308 3035 1432 3118 subest,
1457 3039 1502 3101 ita

325 3143 478 3229 Ephorus
508 3163 638 3228 quoque
663 3143 836 3207 manifesta
860 3165 973 3206 eorum
998 3143 1165 3207 doetrinae
1190 3146 1329 3229 vestigia
1352 3144 1501 3230 proditll.

324 3251 423 3337 Apud
448 3251 535 3314 hunc
556 3251 695 3336 primum
714 3259 745 3315 et
767 3251 930 3336 perfectae
947 3252 1054 3334 gentis
1073 3250 1245 3336 Scythicae
1262 3253 1371 3336 imago
1388 3252 1500 3316 adum-

326 3359 439 3422 bratur
464 3367 495 3422 et
518 3356 720 3422 Anacharsis
747 3360 776 3421 in
804 3369 929 3444 septem
955 3359 1151 3444 sapientium
1176 3357 1323 3444 catalogo
1349 3362 1499 3425 occurrit.

327 3467 441 3552 Itaque
466 3465 672 3530 Anacharsin
698 3489 717 3528 a
734 3463 867 3552 Cynicis
890 3467 970 3552 ipsis
995 3488 1129 3531 numero
1155 3457 1283 3553 septem¹
1306 3469 1501 3553 sapientium

327 3573 529 3659 adscriptum
548 3595 622 3638 esse
641 3571 818 3638 verisimile
845 3573 939 3658 cst4).
987 3573 1079 3637 Nam
1096 3574 1210 3661 Cynici
1234 3577 1377 3638 nimiam
1391 3571 1500 3639 rerum

328 3680 582 3745 domesticarum
617 3681 864 3745 admirationem
896 3683 1083 3766 opinionem
1112 3694 1356 3769 praesumptam
1387 3693 1501 3748 natura

328 3787 469 3853 alienam
494 3811 568 3852 esse
593 3787 820 3854 iudicaverunt
844 3811 904 3852 nec
930 3788 1086 3854 barbaros
1109 3790 1288 3877 sapientiae
1305 3792 1499 3878 virtutisque
1570 3865 1572 3870 Ι

328 3898 469 3983 optimae
494 3899 671 3984 participes
697 3917 771 3960 esse
796 3919 861 3960 non
885 3919 985 3982 posse
1003 3907 1210 3962 censuerunt.
1248 3896 1383 3984 Cynicis
1400 3899 1500 3963 moris

327 4025 540 4034 -nu———-

439 4094 460 4160 ¹)
481 4091 521 4145 Cf.
542 4092 626 4145 etiarn
647 4089 761 4146 huciani
783 4095 881 4160 Esuba<
899 4092 915 4162 ἢ
935 4093 1049 4160 πρόξενος
1070 4093 1091 4144 l.

438 4183 459 4251 ¹²)
478 4181 576 4237 Philol.
598 4181 618 4234 L
638 4180 730 4250 (1891)
750 4200 776 4250 p.
796 4181 849 4236 458
868 4199 907 4250 sq.

436 4273 456 4337 ³)
476 4273 506 4326 A.
525 4271 618 4334 Riese,
639 4269 842 4340 [daalisierung
866 4272 915 4326 der
944 4271 1131 4326 Naturvdlkcr
1160 4271 1209 4324 des
1238 4272 1366 4328 Nordens
1394 4272 1423 4324 in
1453 4273 1501 4326 der

329 4363 433 4430 grisch.
454 4362 511 4415 und
535 4360 664 4414 rdmisch.
692 4359 854 4423 Litteratuu
883 4361 979 4429 Progr.
1009 4361 1162 4415 Franlrfurt
1190 4379 1214 4417 a.
1243 4361 1280 4414 Μ.
1313 4361 1382 4414 1875
1411 4380 1436 4430 p.
1457 4359 1500 4434 21.

328 4451 390 4504 Jout
411 4452 427 4506 l.
449 4452 466 4503 l.
486 4470 513 4519 p.
534 4449 593 4503 761.
632 4449 802 4515 Duemmlcr,
827 4450 922 4504 Kleine
943 4449 1083 4504 Schriften
1104 4449 1116 4502 I
1136 4470 1162 4518 p.
1182 4450 1242 4504 219.

435 4541 444 4570 ⁴
448 4549 456 4610 J
477 4539 517 4594 of.
531 4539 652 4602 Norden,
663 4538 742 4592 Neue
752 4537 850 4593 Jahrb.
864 4539 883 4593 f.
896 4539 921 4594 d.
933 4539 1015 4595 klass.
1027 4539 1127 4596 Altsrt.
1137 4538 1191 4592 'vll
1203 4540 1296 4610 (1901)
1307 4559 1332 4608 p.
1343 4539 1396 4594 253
1406 4539 1469 4594 adn.
1477 4539 1500 4593 1.
