3442 5324
441 613 506 680 Sed
529 632 600 678 oum
629 612 738 679 nullus
761 613 853 680 locus
877 633 939 694 quo
964 613 1112 696 virgines
1139 612 1267 695 possint
1290 614 1483 696 confugere,
1513 619 1579 680 tam

352 721 465 787 firmus
494 721 538 787 sit
567 739 663 802 quam
691 740 753 786 arx
781 720 903 806 ipsa1),
932 721 1041 787 nullus
1065 720 1195 788 Eteooli
1222 721 1349 786 nuntiis
1377 721 1578 803 accipiendis

352 835 385 894 et
408 827 537 895 civibus
560 827 780 894 convocandis
802 828 910 910 magis
931 828 1107 895 conveniat
1130 845 1226 908 quam
1250 827 1320 910 illa,
1345 848 1410 894 non
1434 828 1499 906 erit
1522 829 1578 894 du-

350 935 520 1002 bitandum
553 935 632 1016 quin
663 953 782 1001 scaena
810 935 907 1002 huius
935 934 1070 1002 fabulae
1093 935 1235 1002 Cadmea
1263 935 1337 1019 ipsa
1365 935 1419 1002 νε]
1447 954 1511 1002 uno
1539 955 1579 1001 ex

350 1042 516 1109 montibus
541 1042 615 1108 urbi
639 1042 705 1124 ipsi
728 1041 974 1108 imminentibus
997 1041 1309 1128 repraesenteturb.

439 1149 635 1230 Priusquam
659 1154 769 1216 autem
793 1149 835 1216 ad
851 1150 1175 1232 Agamemnonem
1199 1149 1347 1216 fabulam
1372 1150 1578 1216 traotandam

350 1259 492 1340 redeam,
517 1256 746 1339 explicandum
764 1257 837 1339 erit,
862 1259 1036 1338 quomodo
1063 1258 1186 1323 factum
1203 1257 1257 1339 sit,
1274 1263 1312 1323 ut
1334 1257 1411 1323 inde
1433 1259 1477 1323 ab
1493 1275 1577 1322 anno

351 1364 422 1432 fere
438 1364 760 1446 quadringentesimo
781 1364 987 1447 sexagesimo
1003 1370 1121 1446 poetae
1137 1364 1326 1447 plerumque
1349 1383 1463 1431 aream
1485 1364 1576 1430 illam

349 1473 463 1556 regiae
490 1472 544 1540 vel
572 1472 692 1554 templo
723 1472 940 1554 propinquam
969 1473 1067 1538 rebus
1098 1471 1236 1554 agendis
1266 1471 1435 1555 eligerent.
1483 1471 1577 1538 Post

349 1599 447 1662 quam
470 1581 565 1662 enim,
591 1586 747 1661 quantum
763 1579 892 1659 quidem
908 1578 1040 1661 scimea,
1065 1595 1166 1658 usque
1190 1580 1232 1646 ad
1252 1579 1346 1645 illum
1363 1577 1433 1645 fere
1458 1599 1576 1645 annum

349 1707 469 1754 scaena
498 1687 593 1770 pingi
622 1705 687 1752 non
717 1686 858 1768 solebat,
891 1693 968 1752 tuno
997 1686 1136 1769 primum
1169 1692 1331 1753 exornata
1362 1692 1420 1753 est.
1469 1686 1576 1767 Atque

313 1870 315 1873 ,
348 1812 421 1861 cum
443 1795 634 1877 plerumque
657 1813 752 1877 reges
775 1793 829 1860 νε]
853 1793 1021 1876 principes
1051 1785 1143 1872 ,οἷον
1163 1791 1325 1870 Οἰδίπους
1348 1793 1403 1859 καὶ
1430 1790 1576 1880 Θυέστης

347 1901 402 1968 καὶ
435 1897 468 1967 οἱ
496 1899 619 1967 ἐκτῶν
648 1898 807 1966 τοιούτων
837 1903 938 1985 γενῶν
966 1897 1142 1989 ἐπιφανεῖς
1165 1895 1305 1990 ἄνδρες“
1339 1899 1455 1986 (Arist.
1481 1901 1520 1966 A.
1538 1901 1573 1966 P.

351 2010 436 2076 1453
459 2029 480 2076 a
506 2011 559 2090 11)
589 2009 624 2074 in
655 2007 779 2074 fabulis
812 2014 934 2090 essent,
967 2015 1087 2074 natura
1115 2009 1259 2091 ferebat,
1288 2015 1325 2075 ut
1347 2011 1487 2075 taberna
1517 2007 1575 2073 illa

348 2117 382 2183 in
413 2135 477 2198 qua
508 2121 637 2182 actores
667 2122 766 2182 antea
796 2115 993 2183 vestimenta
1022 2123 1150 2182 mutare
1179 2116 1344 2198 solebant,
1378 2115 1492 2199 regiae
1523 2115 1576 2183 νε]

348 2222 462 2306 templi
490 2224 597 2290 instar
623 2223 823 2304 pingeretur.
872 2224 944 2308 Qua
973 2223 1012 2289 de
1039 2242 1141 2290 causa
1168 2242 1240 2290 cum
1263 2223 1337 2289 fieri
1364 2242 1430 2289 non
1452 2231 1571 2305 posset,

348 2338 384 2397 ot
411 2331 550 2397 interior
577 2349 654 2412 pars
685 2333 843 2396 tabernae
871 2331 1114 2414 spectatoribus
1144 2337 1220 2398 ante
1248 2331 1360 2397 oculos
1387 2335 1571 2413 poneretur,

303 2509 306 2514 ,
348 2438 483 2506 fabulae
527 2437 577 2504 ita
622 2444 718 2504 erant
762 2439 1018 2522 componendae,
1066 2445 1102 2504 ut
1139 2445 1217 2505 ante
1253 2438 1351 2506 aedes
1397 2439 1458 2503 sub
1496 2435 1573 2503 Iove

347 2552 532 2629 agerentur.

436 2653 560 2720 Tamen
575 2652 734 2734 reliquias
753 2652 844 2719 illius
861 2671 938 2719 usus
954 2653 1153 2735 antiquioris
1169 2653 1223 2720 vel
1239 2653 1273 2718 in
1289 2653 1571 2736 Agamemnone

345 2759 544 2827 remansisse
571 2759 782 2842 crediderim,
814 2761 899 2841 quod
927 2760 1025 2826 initio
1055 2760 1151 2826 huius
1183 2760 1318 2826 tabulae
1346 2765 1382 2826 ut
1404 2759 1571 2825 Danaides

348 2869 383 2934 in
411 2887 485 2950 ara,
516 2867 640 2934 Persae
670 2867 705 2932 in
735 2871 822 2934 tecto
853 2867 912 2934 illo
943 2866 1000 2953 (cf.
1026 2864 1138 2952 στέγος
1160 2889 1191 2935 ν.
1211 2866 1287 2952 141)
1318 2868 1489 2950 sedebant,
1524 2865 1571 2932 ita

346 2983 456 3042 custos
485 2975 629 3041 intecto
655 2973 784 3041 aedium
809 2977 916 3041 cubat.
964 2976 1072 3056 Atque
1096 2981 1172 3041 onte
1200 2975 1285 3041 hane
1307 2974 1435 3058 regiam
1460 2973 1571 3040 fabula

346 3084 468 3166 agitur,
492 3083 596 3148 donee
616 3081 855 3166 Clytaemestra
875 3083 1152 3165 Agamemnonem
1176 3089 1210 3149 et
1228 3082 1447 3149 Cassandram
1470 3080 1570 3146 intro·

346 3189 450 3272 ducit,
478 3190 537 3256 ubi
559 3191 645 3270 quod
674 3209 691 3254 e
714 3189 839 3271 gemitu
862 3189 1117 3272 Agamemnonis
1145 3189 1388 3272 spectatoribus
1416 3189 1570 3270 colligen-

347 3297 422 3362 dum
446 3301 505 3378 est,
529 3298 625 3362 ambo
649 3303 817 3362 necantur.
858 3294 928 3380 Quo
953 3297 1095 3363 clamore
1119 3303 1225 3364 motus
1246 3297 1365 3363 chorus
1389 3296 1424 3362 in
1446 3295 1568 3380 regiam

346 3404 473 3469 irruere
496 3404 615 3486 studet,
639 3422 711 3469 oum
735 3403 801 3486 ipsi
818 3404 986 3486 conspicui
1009 3403 1101 3487 fiunt,
1126 3405 1223 3486 idque
1247 3403 1466 3488 eccyclemate
1489 3401 1569 3484 quod

347 3509 469 3576 dicitur
492 3510 656 3593 adhibito,
688 3529 750 3591 quo
774 3517 891 3593 poetae
915 3517 1064 3594 utuntur,
1096 3519 1208 3579 utres
1235 3512 1326 3578 intra
1348 3513 1477 3577 domum
1501 3527 1569 3593 per·

346 3623 439 3684 aetas
469 3617 710 3701 spectatoribus
741 3619 853 3684 eadem
882 3638 1002 3686 scaena
1032 3626 1166 3686 servata
1194 3625 1270 3685 ante
1300 3618 1412 3687 oeulos
1439 3621 1566 3701 ponant.

346 3724 445 3793 Cuius
475 3724 647 3791 machinae
677 3725 867 3792 testimonia
898 3732 1030 3793 exstant
1057 3728 1144 3809 apud
1171 3725 1369 3793 Pollucem
1400 3724 1462 3811 (IV
1486 3723 1566 3804 128),

345 3832 385 3898 in
415 3831 582 3898 scholiis
611 3834 658 3898 ad
686 3831 990 3916 Aristophanem
1021 3834 1156 3916 seriptis
1186 3829 1566 3920 (cunctantem),

346 3938 424 4005 aliis
446 3938 538 4006 locis.
579 3938 687 4019 Atque
710 3939 861 4020 quamvis
883 3939 1107 4028 Neckeliusl),
1131 3941 1304 4008 Reischius
1313 3938 1349 4026 ⁴),
1375 3939 1436 4006 alii
1452 3955 1566 4023 negare

346 4052 503 4113 conentur
526 4045 711 4131 eccyclema
734 4046 801 4113 iam
824 4047 982 4143 Aeschyli
1006 4054 1116 4115 aetate
1139 4047 1297 4115 usitatum
1322 4045 1439 4131 fuisse,
1465 4053 1566 4114 tamen
1696 4027 1697 4087 l

438 4242 456 4312 ¹)
476 4241 563 4298 Schol.
584 4241 618 4296 ad
638 4258 662 4298 ν.
677 4242 730 4297 240
755 4239 814 4312 τήν
832 4238 1019 4314 ἀκρόπολιν
1036 4251 1130 4316 τίμιον
1149 4245 1216 4306 ἕδος.

435 4331 455 4402 ’)
475 4331 517 4388 Of.
538 4333 622 4387 etiam
641 4331 715 4386 'lodt
734 4330 751 4388 l.
767 4347 788 4387 e.
808 4348 833 4401 p.
847 4331 900 4388 518
911 4347 949 4400 sq.

435 4421 456 4491 ⁸)
478 4421 552 4490 „Das
571 4420 770 4490 hklryklema‘g
791 4421 887 4494 Progr.
906 4440 931 4480 ν.
946 4423 1093 4479 Friedland
1113 4426 1130 4480 i.
1144 4423 1180 4478 ld.
1201 4422 1272 4478 1890
1289 4440 1315 4493 p.
1330 4424 1394 4491 leq.

435 4511 456 4580 ⁴)
475 4510 729 4580 Dbrpfeld·Reisch,
750 4511 807 4567 Dae
820 4512 921 4581 griech.
936 4511 1064 4582 Theater,
1083 4531 1107 4582 p.
1122 4514 1176 4568 240
1185 4529 1223 4580 sq.
1251 4513 1490 4582 Pauly-Wlseoua
1507 4523 1526 4562 s.
1538 4521 1561 4560 ν.

347 4599 527 4670 Elrlryhlema.
