3462 5312
926 396 1026 498 2⁸9
1062 489 1094 496 -.

377 609 572 690 Delphicum
597 615 703 676 ortum
727 609 772 676 sit
795 611 989 693 explicatur.
1031 611 1121 677 Idem
1141 610 1233 677 valet
1256 610 1296 674 de
1319 609 1465 674 eiusdem
1489 615 1604 691 poetae

380 717 405 778 V
424 716 503 782 libri
525 716 676 783 versibus
695 718 759 783 130
782 726 815 782 et
838 719 1059 800 sequentibus,
1085 718 1119 783 in
1144 718 1263 798 quibus
1282 717 1468 782 Phemonoe
1484 717 1606 800 Pythia

378 823 564 905 Apollinem
599 844 638 888 ex
672 825 804 890 oraculo
840 845 898 890 suo
933 825 1070 891 cessisse
1103 825 1211 906 Appio
1249 825 1376 890 frustra
1408 825 1604 905 persuadere

378 937 498 996 conata
528 931 564 996 in
594 932 724 1013 tripode
754 933 923 998 considere
948 933 1078 1015 cogitur
1110 940 1143 998 et
1166 931 1279 998 divino
1310 931 1431 1012 spiritu
1460 931 1607 996 excitata

377 1037 589 1105 vaticinatur.
643 1038 792 1104 Facilius
824 1046 875 1104 est
904 1039 1074 1105 intellectu
1108 1045 1145 1104 ut
1174 1039 1323 1105 Graecae
1356 1037 1607 1104 terminationes

378 1154 550 1212 serventur
579 1165 633 1211 eos
657 1146 746 1212 locos
771 1146 954 1230 postulare,
986 1146 1042 1226 qui
1070 1147 1239 1228 regionum
1265 1146 1507 1227 descriptiones
1530 1165 1608 1211 con-

378 1252 499 1335 tinent,
533 1273 603 1318 eum
634 1259 749 1334 poetas
779 1253 814 1319 in
846 1254 1032 1321 nominibus
1061 1253 1295 1336 geographicis
1326 1259 1359 1318 et
1388 1253 1609 1319 terminandis

378 1364 411 1423 et
434 1359 638 1426 declinandis
657 1361 857 1427 Graecorum
882 1380 974 1426 usum
999 1361 1161 1443 imprimis
1178 1367 1303 1426 tutatos
1328 1379 1398 1426 esse
1422 1361 1491 1426 iam
1506 1379 1610 1442 supra

378 1466 646 1534 intellexerimus.
694 1469 810 1549 Itaque
841 1469 1001 1550 plurimas
1026 1469 1173 1535 Graecas
1201 1468 1327 1534 formas
1357 1468 1544 1536 invenimus
1576 1468 1611 1533 in

378 1573 594 1654 Priapeorum
618 1557 763 1641 carmine
779 1576 917 1657 LXXV,
943 1577 977 1640 in
1001 1595 1064 1657 quo
1082 1576 1283 1643 Graecorum
1307 1577 1440 1641 deorum
1457 1575 1611 1640 dearum-

378 1698 440 1759 que
470 1681 534 1747 loci
563 1682 670 1747 sancti
702 1689 943 1748 enumerantur.
992 1683 1104 1763 Aeque
1133 1701 1187 1749 res
1215 1683 1374 1748 sehabet
1403 1682 1437 1747 in
1462 1681 1610 1748 Senecae

378 1787 557 1869 Oedipodis
586 1789 736 1854 versibus
768 1791 833 1855 216
846 1809 931 1870 squ,
963 1790 998 1854 in
1027 1790 1144 1870 quibus
1176 1797 1243 1856 tres
1275 1789 1353 1855 illae
1378 1789 1453 1855 viae
1484 1789 1611 1855 descri-

377 1898 507 1976 buntur,
533 1899 615 1976 quae
633 1897 783 1963 oriuntur
806 1901 847 1963 ab
865 1897 924 1964 illo
941 1897 1053 1979 trivio,
1079 1897 1113 1963 in
1130 1916 1193 1978 quo
1210 1897 1313 1964 Laius
1338 1897 1523 1964 trucidatus
1547 1903 1609 1962 est.

378 2001 626 2069 Dilucidissime
642 2023 720 2070 vero
738 2005 901 2070 Graecum
925 2005 1037 2070 stilum
1062 2005 1287 2087 originemque
1303 2005 1462 2072 sentimus
1479 2004 1608 2070 Lucani

378 2110 470 2174 tertii
502 2110 581 2176 libri
611 2130 764 2177 versuum
799 2113 983 2177 loe-297.
1031 2113 1101 2194 Quo
1134 2113 1206 2178 loco
1239 2119 1350 2195 poeta,
1387 2131 1459 2178 eum
1491 2131 1609 2178 manus

378 2216 512 2298 Pompei
538 2223 649 2299 partes
677 2227 847 2284 secuturas
871 2219 1013 2299 undique
1037 2219 1268 2286 convenientes
1293 2227 1438 2302 enarret,
1469 2223 1608 2286 verbose

380 2330 549 2390 enumerat
572 2325 719 2392 Graecas
747 2326 800 2392 vel
830 2329 990 2392 barbaras
1018 2329 1125 2408 urbes,
1154 2333 1279 2409 gentes,
1309 2327 1437 2406 fluvios,
1468 2332 1607 2408 montes,

379 2450 513 2510 quorum
530 2432 672 2498 omnium
699 2434 768 2498 fere
785 2433 950 2499 nominum
968 2435 1129 2500 Graecam
1155 2433 1294 2500 formam
1310 2433 1469 2501 servavit.
1507 2433 1608 2500 Cuius

379 2537 444 2603 loci
473 2547 645 2620 praeterea
669 2539 830 2606 Graecum
860 2541 1057 2622 exemplum,
1088 2543 1173 2621 quod
1197 2549 1295 2623 poeta
1319 2542 1381 2607 etsi
1405 2561 1471 2606 non
1495 2541 1607 2608 verbis

379 2653 414 2709 at
438 2646 575 2712 consilio
601 2652 634 2712 et
657 2646 873 2728 dispositione
898 2648 1046 2713 imitatus
1071 2653 1134 2730 est,
1164 2667 1362 2730 cognoscere
1383 2647 1473 2714 licet.
1523 2647 1606 2714 Nam

379 2751 435 2817 vix
471 2753 653 2819 errabimus
689 2755 822 2819 Lucano
863 2755 995 2820 navium
1032 2755 1251 2821 clarissimum
1291 2755 1383 2820 illum
1419 2755 1608 2838 catalogum

379 2859 496 2924 iliadis
520 2860 548 2924 B
572 2861 748 2926 484-877
773 2867 850 2926 ante
875 2861 985 2928 oculos
1009 2868 1177 2928 versatum
1202 2879 1272 2928 esse
1296 2868 1489 2928 statuentes.

468 2967 519 3031 Ex
551 2967 608 3048 iis,
648 2987 731 3047 quae
762 2969 801 3034 de
837 2968 961 3051 ceasia,
993 2968 1111 3049 quibus
1140 2968 1292 3035 commoti
1321 2975 1437 3050 poetae
1465 2969 1609 3036 Romani

379 3073 642 3140 terminationem
661 3075 823 3141 Graecam
847 3076 1064 3158 servaverint,
1090 3075 1244 3158 diximus,
1269 3075 1335 3141 iam
1359 3075 1442 3142 satis
1468 3082 1610 3158 apparet

378 3181 511 3246 minime
542 3181 637 3246 metri
662 3183 891 3248 necessitatem
921 3183 1023 3248 solam
1055 3202 1188 3248 causam
1213 3182 1333 3265 fuisse,
1364 3190 1399 3248 ut
1423 3183 1574 3249 Koenius
1585 3182 1609 3268 ¹)

379 3288 515 3353 censuit.
549 3291 641 3372 Quae
657 3307 709 3354 res
727 3289 849 3371 optime
873 3289 1061 3355 illustratur
1085 3295 1262 3371 conspeetu
1277 3289 1340 3372 III,
1366 3308 1460 3370 quem
1483 3289 1607 3356 addidi.

378 3394 417 3460 In
442 3395 502 3460 hoc
521 3395 653 3462 nomina
676 3396 881 3478 appellativa
905 3402 1041 3478 propter
1064 3399 1198 3462 eandem
1216 3416 1359 3480 causam,
1385 3417 1483 3478 quam
1507 3417 1607 3480 supra

379 3503 527 3584 exposui,
552 3522 618 3569 non
642 3504 783 3586 respexi.

820 3680 1076 3784 Conspectus
1104 3681 1166 3761 111.

380 3843 451 3904 quo
476 3831 568 3904 quot
590 3825 767 3892 Graecae
791 3833 828 3892 et
851 3833 942 3907 quot
965 3827 1135 3893 Latinae
1159 3826 1309 3892 formae
1332 3826 1449 3893 metri
1473 3845 1606 3893 neces-

545 3949 550 3960 ’
619 3933 741 3999 sitate
764 3935 993 4015 postulatae
1017 3935 1098 4000 sint
1120 3933 1362 4000 illustratur.

469 4057 565 4138 Apud
589 4058 789 4124 Grattium

468 4164 674 4230 invenitur
700 4165 786 4247 sing.
804 4185 888 4233 nom.
914 4191 968 4254 -ης
995 4169 1022 4250 1,
1052 4169 1125 4254 -η2
1148 4189 1186 4235 -α
1210 4171 1239 4249 1,
1268 4191 1330 4232 -ov
1344 4167 1376 4250 4,
1405 4186 1478 4250 gen.
1504 4190 1559 4256 -ης
1577 4172 1605 4248 1,

379 4291 446 4337 aec.
471 4275 560 4336 -ovl
585 4295 654 4338 -oru
682 4275 708 4356 1,
738 4298 793 4360 -ην
809 4273 905 4360 (nom.
923 4275 990 4361 epe)
1008 4277 1037 4356 2,
1062 4301 1109 4340 -ιν
1128 4279 1156 4356 1,
1188 4275 1272 4356 plur.
1291 4293 1358 4341 ace.
1384 4297 1440 4351 -oe
1466 4277 1482 4340 1
1509 4275 1605 4356 locis;

468 4385 589 4445 metro
614 4381 840 4460 postulatur
862 4382 947 4464 sing.
965 4402 1048 4448 nom.
1074 4407 1128 4470 -ης
1147 4385 1174 4464 1,
1200 4408 1234 4471 -η
1254 4385 1270 4448 1
1289 4403 1326 4449 -α
1344 4384 1372 4463 1,
1397 4407 1459 4448 -ων
1475 4384 1507 4464 0,
1531 4401 1603 4466 gen.

471 4593 489 4657 ¹)
510 4593 633 4648 Koene.
655 4579 727 4646 [ber
746 4593 790 4646 die
810 4595 929 4662 Spracbe
948 4595 995 4648 der
1015 4596 1167 4649 ritmiscben
1190 4596 1298 4663 Epiker.
1320 4595 1445 4650 bilinster
1467 4595 1542 4654 1840.
