3496 5310
706 423 917 523 ,L

194 639 389 705 Horatius
414 635 525 705 OErcae
548 637 611 724 (ep.
636 641 653 706 Ι
678 639 708 705 2.
722 639 769 724 23)
793 638 964 722 Penelopae
988 637 1052 722 (ep.
1072 637 1089 702 Ι
1112 637 1143 703 2.
1157 639 1217 721 as),
1242 636 1426 703 Tibullus

194 745 335 814 Hecatae
358 746 397 833 (Ι.
416 747 447 813 2.
460 745 519 832 52).

286 853 317 919 2.
350 853 498 920 Alterum
528 871 632 936 genus
660 853 809 937 genetivi
838 852 929 920 cuius
953 852 1116 919 Graecam
1142 851 1283 917 formam
1306 855 1427 933 poetae

195 961 336 1027 Romani
371 960 546 1043 aliquoties
578 980 641 1027 non
672 966 893 1044 mutaverunt,
931 980 991 1044 per
1026 983 1073 1028 ·os
1107 959 1315 1024 terminatur.
1362 976 1427 1041 quo

196 1068 352 1152 genetivo
382 1068 431 1134 uti
455 1069 519 1135 iam
545 1068 724 1135 Lucilius
757 1087 854 1136 ausus
879 1075 944 1134 est:
971 1066 1014 1135 ir.
1031 1067 1074 1134 25
1101 1065 1294 1134 lhostiados.
1326 1065 1427 1132 Luci-

195 1175 274 1242 lium
305 1177 401 1258 longo
432 1183 564 1243 secutus
595 1182 647 1244 est
670 1175 848 1244 intervallo
873 1175 1071 1258 Catullus,
1103 1176 1159 1256 qui
1181 1174 1334 1240 Mnidos
1358 1173 1425 1260 (66.

195 1283 249 1368 54)
281 1289 316 1350 et
341 1283 500 1352 Phasidos
531 1283 653 1370 (64.3)
684 1283 778 1351 dixit.
830 1284 864 1349 in
894 1282 1047 1368 Vergili
1078 1281 1173 1348 libris
1202 1281 1332 1348 codices
1362 1300 1426 1348 uno

195 1392 266 1458 loco
291 1391 501 1458 consentiunt
530 1391 564 1458 in
587 1393 696 1460 Panos
727 1391 825 1478 (VIII
841 1392 930 1478 344).
978 1391 1099 1456 ceteris
1126 1389 1208 1456 locis
1237 1388 1427 1455 testimonia

196 1497 296 1565 dubia
331 1498 384 1566 vel
418 1498 551 1565 incerta
577 1504 669 1566 sunt:
705 1518 752 1566 ec.
782 1499 818 1566 Π
841 1501 882 1564 14
910 1498 1130 1582 Amaryllidos
1153 1497 1191 1580 P,
1221 1497 1266 1564 -is
1294 1496 1340 1578 R,
1377 1516 1425 1563 ec.

196 1605 307 1672 11181
337 1605 552 1690 Amaryllidis
574 1607 605 1673 R
640 1606 750 1693 (quem
778 1606 884 1673 locum
908 1625 950 1672 ex
974 1605 1120 1687 antiquis
1144 1603 1312 1671 codicibus
1336 1604 1426 1670 solus

196 1713 301 1780 tradit
324 1712 382 1799 R),
414 1713 532 1780 colli
550 1716 590 1780 12
613 1714 799 1798 Daphnidis
822 1715 893 1798 PR,
924 1737 974 1781 ·os
1005 1719 1149 1780 testatur
1173 1730 1229 1778 ars
1252 1710 1425 1795 Probi¹);

199 1820 422 1888 amntem
437 1822 503 1888 aas
519 1821 624 1889 arnan
637 1823 682 1904 n,
702 1821 936 1890 narranda
947 1822 984 1905 P,
1001 1821 1182 1888 aalma
1193 1799 1380 1886 naciones
1389 1817 1425 1904 2).

288 1929 352 1996 Sed
376 1948 440 2012 quo
464 1935 561 2012 pacto
584 1929 662 1995 illae
685 1929 935 1996 terminationes
956 1928 1106 1994 Graecae
1130 1927 1211 1994 oriri
1236 1931 1425 2008 potuerunt,

197 2036 261 2103 nisi
285 2055 306 2102 a
329 2036 478 2120 Vergilio
506 2037 577 2120 ipso
602 2035 774 2120 profectae
797 2039 897 2104 sunt?
944 2037 1075 2103 Graeca
1102 2034 1206 2118 igitur
1233 2032 1426 2101 terminatio

196 2144 249 2212 his
280 2146 409 2228 quidem
439 2145 546 2212 tribus
576 2145 657 2212 locis
683 2163 729 2213 ec.
752 2145 788 2211 II
812 2145 869 2230 14,
894 2144 947 2210 III
970 2145 1029 2228 81,
1053 2143 1108 2210 HI
1134 2143 1175 2208 12
1203 2140 1427 2226 praeferenda

196 2253 338 2320 videtur.

286 2359 400 2443 Neque
434 2359 629 2429 Horatius
664 2379 769 2443 neque
803 2359 986 2427 Tibullus
1021 2359 1107 2426 hunc
1142 2357 1330 2442 genetivum
1366 2359 1426 2424 ad·

196 2468 368 2535 miserunt.
408 2474 524 2535 auctor
548 2469 785 2553 panegyrici
802 2468 1016 2535 Messallae
1039 2467 1123 2534 dixit
1139 2465 1320 2534 Atlantidos
1343 2464 1425 2553 (77).

197 2574 435 2657 Propertius
459 2577 683 2658 septendecim
707 2576 788 2642 locis
811 2575 1075 2642 terminationem
1093 2575 1256 2642 Graecam
1276 2574 1428 2641 servavit

196 2684 230 2750 in
254 2684 501 2752 Athomordidos
525 2683 603 2769 (bis)
633 2685 806 2750 Phorcidos
839 2680 1046 2768 Ghrncidosb
1073 2679 1236 2748 Chloridos
1259 2681 1426 2750 Briseidos

196 2791 363 2876 Phyllidos
392 2792 522 2858 Iasidos
548 2792 721 2858 Inachidos
751 2792 920 2876 Nycteidos
947 2791 1106 2857 Phasidos
1138 2788 1278 2856 Thaidos
1306 2789 1427 2856 Laidos

196 2900 295 2984 Mpos
327 2899 464 2982 Nycteos
490 2899 664 2967 Boebeidos
695 2900 832 2966 baridos.
889 2899 1052 2966 Ovidius
1082 2897 1166 2963 dixit
1196 2915 1317 2981 graece
1345 2897 1426 2964 Ina-

198 3008 304 3074 chidos
336 3006 532 3074 Phoronidos
561 3006 748 3074 Hecateidos
778 3005 958 3073 Tritonidos
966 3005 992 3088 ⁴)
1020 3005 1238 3089 Phorcynidos
1268 3003 1427 3072 Achaidos

199 3115 367 3182 Titanidos
386 3115 547 3182 Phasidos
562 3115 729 3181 Perseidos
744 3114 889 3182 hleidos
904 3113 1059 3181 Pallados
1075 3114 1234 3196 Asopidos
1250 3112 1427 3196 Eurytidos

200 3223 451 3290 Thaumantidos
474 3222 675 3290 Pallantidos
698 3223 904 3306 Nepheleidos
925 3222 1030 3305 Itpos,
1063 3223 1121 3286 sed
1148 3220 1304 3286 Latinam
1335 3219 1427 3285 dedit

197 3330 463 3398 terminationem
494 3331 546 3397 his
576 3331 772 3397 nominibus:
812 3330 996 3414 Daphnidis
1020 3330 1068 3394 IV
1093 3329 1173 3409 217,
1212 3328 1352 3395 Thetidis
1374 3327 1427 3394 XI

196 3438 274 3523 220,
297 3439 441 3506 Aeolidis
464 3437 515 3504 XI
531 3439 607 3506 444.

286 3548 318 3613 3.
359 3547 465 3630 Supra
495 3546 619 3614 nulium
657 3546 729 3614 lere
764 3550 898 3612 exstare
928 3543 1118 3628 genetivum
1149 3561 1268 3626 graece
1307 3543 1425 3610 flexum

196 3653 261 3722 nisi
289 3673 349 3738 per
375 3676 423 3721 -es
445 3655 499 3722 vel
522 3676 572 3722 -os
598 3653 675 3722 dixi.
722 3653 878 3720 nonnulla
910 3661 1021 3719 tamen
1050 3651 1265 3718 inveniuntur
1294 3651 1426 3718 nomina

196 3763 231 3829 in
266 3787 319 3828 -ω
349 3763 404 3829 vel
433 3762 468 3828 in
500 3787 571 3839 -ως
605 3761 828 3828 excurrentia.
878 3761 1053 3844 genetivus
1072 3755 1074 3758 ’
1091 3759 1252 3826 nominum
1290 3779 1423 3841 quorum

196 3869 419 3938 nominativus
454 3869 488 3936 in
523 3895 575 3936 —a
611 3869 746 3952 desinit,
787 3875 839 3934 ter
873 3868 966 3934 nobis
1002 3869 1158 3936 occurrit:
1199 3867 1232 3932 in
1265 3865 1424 3950 Vergili

197 3978 346 4046 Aeneide
368 3977 522 4065 (Χ199);
548 3978 693 4062 Mardos,
719 3976 805 4058 apud
822 3975 1069 4057 Propertium
1090 3973 1138 4060 (Π
1155 3973 1207 4040 26.
1221 3975 1283 4054 39);
1308 3973 1423 4060 oeus,

196 4123 410 4137 m*—

289 4194 298 4225 ¹
391 4191 456 4248 ‘t.I
492 4237 498 4248 .
540 4233 546 4245 .

288 4193 449 4354 ¹332ssOE
467 4193 491 4336 24.
507 4211 601 4342 iocari.
626 4281 689 4336 Par.
708 4280 736 4350 1,
764 4281 842 4334 cuius
867 4279 1026 4335 testimonio
1051 4278 1212 4332 terminatio
1237 4275 1344 4331 Graeca
1368 4291 1424 4332 non

196 4375 267 4429 satis
286 4372 450 4428 defenditur.

286 4463 308 4533 ⁸)
328 4461 368 4516 IV
386 4463 411 4519 3.
425 4481 451 4522 es
474 4463 514 4516 sic
537 4460 692 4515 emendavit
715 4459 848 4530 Scaliger‚'
869 4461 929 4514 sine
947 4459 1029 4513 dubio
1048 4462 1130 4514 recte.
1170 4457 1203 4512 de
1229 4458 1423 4513 terminatione

194 4553 305 4622 quidem
323 4552 446 4608 dubitari
462 4567 519 4606 non
536 4555 636 4620 potest.

286 4643 309 4713 ⁴)
327 4641 379 4698 Sed
400 4640 552 4698 dliwaidie
568 4639 613 4696 III
632 4641 692 4698 127.
