3496 5310
817 415 860 480 bl

222 630 412 718 nppccpoiv
435 628 551 711 libros,
583 629 699 710 quales
724 627 812 711 Lyco
835 633 871 696 et
894 628 1009 694 Aristo
1034 629 1253 714 seripserunt,
1282 629 1374 696 locus
1397 628 1454 696 ille

222 735 446 804 Lucretianus
468 754 542 802 mea
564 735 694 818 quidem
717 735 885 803 sententia
908 735 1107 804 referendus
1131 742 1192 804 est.

313 844 415 911 Nemo
439 842 543 928 igitur
566 843 749 926 permultas
774 843 899 911 formas
915 844 1064 912 Graecas
1084 862 1169 927 quae
1183 843 1217 910 in
1233 843 1454 911 Romanorum

223 955 396 1034 poetarum
420 949 575 1034 operibns
598 950 821 1032 inveniuntur,
849 951 1051 1019 adverbum
1075 969 1141 1019 una
1164 970 1236 1018 eum
1260 955 1332 1018 loto
1355 969 1456 1020 versu

224 1078 244 1125 e
267 1058 408 1127 Graecis
430 1057 463 1124 iu
486 1057 599 1142 poesin
623 1057 779 1126 Latinam
804 1058 991 1125 translatas
1016 1077 1090 1126 esse
1113 1057 1262 1143 negabit.

315 1167 345 1231 2.
383 1164 447 1233 Sed
479 1165 513 1232 in
546 1183 728 1234 sermonem
761 1184 888 1248 qnoque
923 1165 1124 1234 cotidianum
1160 1165 1294 1233 nomina
1323 1165 1457 1233 Graeca

223 1275 421 1355 irruperunt
448 1272 562 1355 itaque
593 1273 739 1340 carmina
768 1272 972 1342 invaserunt.
1018 1273 1130 1340 horum
1157 1277 1269 1341 tamen
1292 1273 1456 1340 nominum

89 1459 95 1467 ,
224 1380 384 1463 pleraque
411 1379 617 1464 appellativa
646 1379 804 1448 videntur
835 1378 954 1462 subse,
985 1398 1181 1464 quamquam
1212 1380 1347 1465 propria
1377 1399 1457 1461 quo·

226 1503 289 1570 qne
325 1486 543 1555 inveniuntur
580 1487 639 1554 sed
674 1498 757 1554 'raro
796 1487 996 1571 temporibus
1036 1487 1163 1555 liberae
1204 1487 1253 1555 rei
1293 1488 1456 1570 publicae.

225 1594 368 1678 exempli
405 1594 527 1680 gratia*
558 1593 621 1660 dno
657 1593 898 1679 epigrammata
931 1594 1098 1678 lapidibus
1131 1595 1239 1662 incisa
1273 1594 1411 1662 afferam
1421 1593 1456 1682 ¹).

226 1703 367 1774 alterum
392 1708 444 1770 est
461 1701 497 1772 in
513 1701 711 1770 Buecheleri
726 1698 922 1789 ‘Anlbolopia
937 1702 1059 1771 Latina
1073 1698 1303 1788 Epiprapbicu’
1327 1722 1357 1770 n.
1375 1702 1456 1770 959:

441 1805 540 1879 ‘Vina
562 1809 785 1878 Philematium
808 1831 879 1879 sum
901 1810 1039 1878 Aurelia
1061 1807 1263 1879 nominibctu’
1522 1809 1525 1816 ’

382 1951 384 1954 ·
441 1913 562 1999 ‘Ouala
580 1919 717 2002 pudes,
740 1918 837 2004 colped
859 1919 975 1999 nescia,
993 1919 1066 2004 fida
1088 1919 1156 1986 viro
1181 1969 1188 1984 .
1214 1968 1221 1984 .
1248 1913 1268 1984 .’

317 2026 542 2093 Philematium
565 2032 618 2092 est
640 2044 756 2091 nomen
780 2026 877 2108 plane
894 2026 1067 2093 Graecum.
1100 2026 1143 2092 ad
1163 2026 1303 2092 alterum
1327 2044 1357 2091 n.
1375 2026 1456 2092 961:

442 2129 589 2201 ‘Siclliae
614 2131 720 2201 Gaius
742 2133 802 2200 bas
824 2135 912 2201 sedes
934 2133 1116 2200 Haaranue
1138 2129 1251 2200 lamur’

442 2235 492 2306 ‘ea
513 2239 685 2324 Epieurcio
705 2241 923 2326 pauaivipcoc
947 2236 1048 2308 eboro'

318 2347 502 2415 Buecheler
527 2347 715 2415 adnotavit:
748 2343 868 2416 ‘Sirone
890 2349 1051 2432 aequalem
1071 2354 1167 2432 putes
1182 2348 1345 2428 boram,
1369 2347 1461 2413 metri

226 2455 581 2542 percelebrandum,
609 2454 735 2524 Gracco
752 2456 851 2539 pleae
873 2458 1034 2540 emptura
1056 2451 1276 2540 ‘Epiaeeoff
1313 2453 1459 2520 fortasse

230 2581 359 2646 quoque
390 2563 592 2646 epigramma
624 2564 688 2630 361
720 2563 887 2631 mentione
919 2571 972 2630 est
1003 2564 1152 2648 dignum,
1185 2564 1271 2646 quod
1296 2563 1459 2630 Graecum

230 2688 348 2738 nomen
372 2670 539 2753 proprium
563 2671 715 2752 praebet:

390 2773 589 2864 ‘Protogenes
613 2775 747 2864 Gloalffi)
771 2781 881 2846 saecri
902 2779 998 2846 beicei
1020 2780 1114 2847 sileat
1136 2773 1262 2846 mimaa’

391 2882 570 2970 ‘plonruma
593 2907 652 2970 pue
665 2887 747 2971 fecit
763 2887 882 2970 popolo
905 2887 1008 2954 soccis
1028 2888 1150 2972 gaudia
1171 2882 1289 2972 aupes,

231 2993 316 3077 qnod
348 3012 478 3061 carmen
509 3012 572 3060 nou
599 2994 701 3060 multo
724 2998 800 3076 post
823 2993 1045 3060 Ennianum
1069 2998 1213 3060 aetatem
1239 2993 1363 3060 laetum
1387 3009 1461 3060 esse

231 3101 415 3169 Buecheler
438 3107 560 3169 censet.
592 3101 651 3168 sed
668 3100 778 3168 afferri
803 3119 901 3183 posse
925 3101 984 3168 illa
1007 3119 1134 3185 qnoque
1157 3100 1303 3167 camnine
1326 3098 1459 3183 epigra-

231 3209 331 3292 pbica
351 3216 442 3292 puto,
466 3227 551 3291 qnae
576 3209 651 3277 aevi
674 3207 876 3291 imperatorii
900 3208 1011 3291 priore
1033 3217 1130 3291 parte
1146 3208 1250 3276 incisa
1266 3214 1352 3274 snut.
1384 3225 1460 3273 nam

230 3318 433 3384 cousuetudo
456 3322 526 3383 tam
549 3316 644 3383 brevi
667 3315 826 3398 temporis
850 3315 960 3400 spatio
984 3317 1041 3384 vix
1065 3317 1147 3382 adeo
1171 3321 1302 3382 mutata
1325 3319 1391 3398 est,
1422 3318 1461 3379 ut

229 3442 296 3490 nou
321 3423 436 3493 eadem
459 3423 532 3490 iere
557 3423 771 3490 decretione
799 3425 932 3505 poetica
955 3423 1084 3507 volgari
1112 3423 1201 3490 illius
1228 3421 1385 3505 temporis
1409 3419 1460 3487 rei

229 3531 384 3615 publicae
414 3550 476 3614 qno
504 3536 618 3598 cetera
648 3531 797 3598 earmina
826 3549 911 3613 quae
942 3531 1042 3598 attuli
1073 3537 1147 3596 orta
1178 3537 1269 3613 sunt,
1296 3528 1459 3612 suspicari

229 3637 403 3722 possimus.
463 3657 581 3706 servas
624 3637 729 3723 igitur
768 3639 916 3705 Graecas
955 3637 1087 3706 nomina
1128 3656 1189 3705 sna
1230 3637 1361 3704 Graeca
1401 3636 1460 3703 illo

231 3753 382 3828 tempore
414 3765 477 3812 uon
510 3752 657 3814 mutasse
689 3745 847 3812 credibile
881 3751 948 3829 est,
983 3764 1054 3812 cnm
1088 3752 1204 3828 postea
1236 3763 1396 3827 persaepe
1425 3744 1459 3809 in

230 3853 480 3937 epigrammatis
510 3853 593 3920 talia
624 3853 756 3920 nomina
784 3859 977 3935 occurrant,
1016 3853 1109 3920 velut
1145 3849 1289 3936 Calliste„
1338 3853 1461 3919 liberos

231 3962 381 4028 Graecos
412 3959 503 4028 viros
536 3967 571 4027 et
604 3959 745 4028 feminas
776 3960 900 4028 Romae
932 3959 1038 4028 fuisse
1070 3979 1134 4027 non
1165 3979 1288 4043 paucos
1321 3979 1362 4027 ex
1393 3959 1461 4026 illis

232 4067 435 4136 carminibus
466 4069 631 4151 lapidibus
661 4068 775 4136 incisis
805 4069 892 4135 satis
915 4069 1033 4135 elucet.
1082 4068 1130 4136 sic
1153 4067 1322 4136 invenitur
1345 4067 1460 4135 titulus

232 4175 483 4260 epigrammatis
506 4174 621 4263 (1036)
646 4172 757 4244 ‘Vibia
779 4176 908 4260 Phryne
929 4178 1009 4244 vicit
1031 4183 1093 4244 cres
1116 4197 1206 4244 saeos
1229 4171 1388 4260 aonam).

323 4283 429 4366 Volgo
453 4283 556 4366 igitur
578 4283 709 4350 nomina
726 4283 855 4351 Graeca
878 4301 942 4349 nou
967 4283 1082 4367 ignota
1101 4288 1207 4365 erant,
1232 4301 1304 4348 cum
1320 4281 1460 4349 Romani

232 4445 447 4456 ...—

326 4533 346 4602 ¹)
364 4532 506 4601 Perpauoa
518 4536 629 4586 lautum
641 4536 755 4587 exstant
765 4531 884 4586 disticha
892 4533 980 4586 ineisa
990 4547 1021 4586 eo
1034 4532 1106 4600 quod
1119 4533 1319 4600 circumscripsi
1332 4535 1461 4600 tempore.

325 4621 346 4692 ²)
365 4621 492 4678 Coulerrl
509 4637 615 4689 quoque
632 4625 726 4690 potest
744 4623 913 4692 epigramma
931 4621 1009 4678 1222.
