3452 5316
906 386 947 450 12

405 599 505 664 Brevi
533 605 608 680 post
638 600 737 664 aliam
762 600 911 664 Platonis
934 599 1117 665 doctrinam
1146 599 1258 680 affert,
1288 619 1385 680 quam
1409 601 1540 680 quidem

314 726 378 771 non
401 709 529 787 probat,
561 707 623 772 lroc
647 715 755 771 autem
778 706 849 771 loco
878 726 943 772 non
966 708 1134 787 vituperat
1157 707 1240 771 satis
1265 707 1443 772 refutatam
1468 727 1540 772 earn

314 820 433 894 putans
451 815 662 894 argumentis,
688 833 771 893 quae
788 819 902 877 contra
918 813 1145 879 transitionem
1172 813 1301 879 animae
1325 815 1392 879 iarn
1408 815 1541 880 attulit:

314 939 408 1018 aaa
451 933 492 1001 Ei
514 935 549 1001 δὲ
580 934 613 1001 ἐν
645 935 764 1016 χιλίοις
794 934 900 1002 ἐτεσιν
954 939 1093 1003 Pltaedr.
1119 939 1229 1003 248E
1262 936 1311 1014 εἰς
1334 936 1394 1021 μὲν
1416 934 1478 1024 γάρ
1502 938 1542 1003 τὸ

358 1041 450 1126 ἅπαξ
474 1044 577 1130 φηοὶυ
601 1041 618 1106 ά
641 1047 699 1108 τοῦ
725 1043 900 1129 Φαίδρου
999 1041 1082 1109 cirri
1133 1041 1215 1110 duan
1262 1042 1330 1128 ἥκει
1383 1043 1400 1132 ἡ
1450 1043 1541 1134 ψυχὴ

359 1149 536 1239 ΣωκράτηςΙ
574 1149 632 1238 τὴν
669 1147 777 1238 ψυχὴν
816 1147 899 1216 ἑκά·
998 1147 1117 1238 ἑκάστη
1151 1149 1209 1216 οὐκ
1238 1149 1427 1239 άφικνεῑται
1458 1151 1542 1217 ἑτῶν

361 1281 441 1344 οτρυ
480 1255 608 1341 σάματι
643 1262 810 1322 κοινωνεῖν
844 1257 899 1322 καὶ
998 1257 1135 1346 μυρίων.

359 1363 407 1440 εἷς
437 1363 619 1452 μυριοστὴν
649 1362 806 1451 περίοδον
835 1368 901 1428 τῶν

361 1475 476 1558 ψυχαῖν
514 1469 551 1535 τά
589 1468 710 1558 μέτρον
752 1469 900 1557 ἐξαρκεῖν

359 1577 498 1662 λέγεται,
524 1576 617 1664 ἡμεῖς
637 1574 818 1643 ἐλαττόνων
836 1591 900 1664 μυ·

360 1688 426 1766 χῶν
450 1683 651 1772 δεησόμεθα.

337 1895 340 1899 ,
402 1827 518 1894 Illudit
549 1829 676 1894 Aeneas
705 1828 794 1912 illos,
827 1830 882 1910 qui
913 1831 1075 1910 putabant
1104 1829 1246 1893 animam
1278 1831 1474 1894 descendere
1507 1831 1542 1894 in

313 1937 409 2003 varia
448 1955 601 2018 corpora,
648 1942 745 2017 prout
787 1936 1105 2018 appropinquaverit
1144 1937 1225 2016 illis,
1273 1938 1542 2016 demonstratque

313 2046 456 2126 umbrae,
482 2063 564 2123 (puae
588 2050 751 2124 vagentur
775 2045 864 2109 circa
888 2044 1049 2125 sepulcra,
1078 2063 1143 2107 non
1173 2064 1243 2108 esse
1268 2045 1360 2109 adria
1384 2044 1444 2108 illa
1468 2063 1543 2110 cor-

313 2170 394 2233 pora
422 2151 618 2232 animarum,
650 2153 706 2216 sed
736 2151 823 2216 mala
855 2151 1027 2216 daemonia
1062 2153 1220 2216 humanas
1253 2152 1543 2234 repraesentantia

312 2258 448 2323 animas.
503 2259 593 2341 Quae
630 2265 706 2324 con
707 2278 744 2323 ra
779 2260 949 2324 Platonem
986 2259 1075 2324 dicta
1111 2279 1181 2324 esse
1217 2266 1309 2398 patet
1345 2279 1384 2323 ex
1419 2259 1541 2324 simili-

312 2364 424 2429 tudine
448 2367 637 2432 verborum:

312 2489 402 2570 60‚n
435 2485 559 2553 ἈλλΗ
537 2486 667 2565 analag
691 2481 745 2554 οἶα
772 2486 813 2555 τά
839 2513 895 2555 rre-
951 2489 1071 2556 Phaet.
1105 2493 1144 2556 81
1179 2491 1203 2557 C·
1249 2485 1360 2576 ὥσπερ
1396 2488 1538 2574 λέγεται,

357 2597 390 2683 ρὶ
429 2594 469 2660 τά
502 2593 685 2684 μνήματα
720 2599 897 2684 οκιοειδῆ
996 2597 1073 2683 περὶ
1111 2595 1152 2662 τά
1191 2593 1373 2684 μνήματά
1411 2621 1446 2662 τε
1483 2597 1540 2662 καὶ

356 2699 639 2789 φαντάσματος
683 2701 787 2769 ταῦτά
826 2702 896 2770 ἐστι
995 2701 1072 2780 τοὺς
1117 2700 1246 2792 τάφους
1289 2702 1540 2790 κυλινδουμένη,

356 2805 397 2874 τά
428 2806 556 2897 αἐράάη
585 2813 650 2874 τῶν
680 2815 794 2896 (μυχῶν
823 2809 895 2877 orti·
996 2813 1073 2900 περὶ
1105 2809 1126 2875 ά
1156 2808 1197 2898 δὴ
1230 2812 1284 2877 καὶ
1318 2808 1420 2898 <donn
1454 2807 1541 2876 άιτα

355 2941 455 3000 ματα,
477 2914 554 3005 άάὴ
572 2917 715 2983 εἴδωλα
737 2919 895 2985 καλεῖται.
999 2923 1113 3006 ψυχῶν
1160 2920 1339 3006 οκιοειάῆ
1377 2915 1539 3008 φαντά-

997 3049 1139 3108 σματα,
1183 3018 1238 3092 οἷα
1269 3024 1470 3114 παρέχονται
1502 3022 1539 3089 αἱ

995 3135 1146 3199 τοιαῦται
1174 3133 1279 3222 ψυχαὶ
1303 3132 1459 3198 εἴδωλα.

401 3275 584 3356 Propositis
615 3275 719 3357 igitur
746 3275 895 3341 Platonis
926 3277 1115 3359 sententiis,
1147 3297 1229 3358 quae
1258 3278 1390 3342 Aeneae
1420 3275 1540 3358 displi-

312 3387 456 3462 cuerunt,
482 3401 566 3447 nunc
591 3383 719 3462 quidem
745 3384 968 3448 demonstrare
989 3384 1098 3465 velim,
1124 3385 1201 3465 quid
1219 3386 1351 3450 Aeneae
1374 3383 1540 3466 placuerit

311 3508 329 3553 e
364 3489 526 3568 dogmatis
559 3489 752 3571 'philosophi
792 3490 883 3554 illius
923 3490 1150 3556 illustrissimi.
1219 3492 1368 3557 Plurima
1406 3491 1539 3572 quidem

312 3615 352 3678 po
355 3594 419 3659 tuit
406 3595 574 3660 tlraurire
598 3595 811 3677 philosophus
836 3596 950 3661 christ
927 3603 1037 3663 tranus
1062 3619 1102 3664 ex
1127 3599 1223 3664 libris
1246 3599 1323 3664 Plat
1310 3599 1411 3680 tonis,
1443 3597 1539 3664 cuius

312 3702 534 3784 philosophia,
567 3722 650 3783 quae
679 3704 827 3784 urrais,
860 3704 1030 3770 officiitet
1058 3708 1140 3771 bene
1163 3705 1296 3772 vivendi
1327 3704 1538 3787 disciplinam

311 3810 523 3875 continet-
551 3811 679 3876 utalia
703 3811 782 3877 omit
785 3818 917 3876 tam—
946 3811 1116 3877 simillima
1145 3819 1195 3878 est
1223 3813 1351 3895 legibus
1375 3812 1497 3879 Christ
1473 3818 1539 3877 t-ra

312 3935 435 3981 norum
484 3918 599 3997 Itaque
624 3916 785 3998 plurimae
809 3918 904 3983 nobis
928 3918 1161 3984 similitudines
1186 3925 1368 3985 occurrunt.

402 4024 531 4090 Aeneas
555 4026 730 4089 contutans
755 4043 824 4105 coe,
857 4025 913 4104 qui
937 4025 1145 4091 crediderunt
1175 4027 1302 4092 animas
1331 4028 1372 4091 ob
1396 4025 1541 4091 crimina

311 4130 446 4195 induere
472 4130 649 4195 bestiarum
668 4132 815 4212 formam,
842 4132 1043 4197 demonstrat
1066 4152 1203 4213 poenum
1225 4133 1309 4198 hanc
1332 4133 1541 4214 propositum

311 4257 375 4303 non
392 4237 532 4319 assequi,
558 4257 629 4302 cum
647 4237 861 4318 cupiditatem
885 4257 949 4303 non
966 4239 1164 4321 exstinguat,
1191 4240 1288 4304 immo
1304 4259 1382 4304 vero
1404 4249 1539 4320 augeat.

311 4344 454 4409 Poenam
488 4344 573 4408 enirn
602 4346 720 4410 debere
748 4346 871 4410 mederi
899 4345 996 4410 malis
1025 4347 1261 4427 cupiditatibus
1290 4348 1385 4412 docet
1414 4347 1541 4413 eisdem

313 4451 382 4515 fere
405 4451 516 4517 verbis
540 4472 579 4516 ac
602 4452 716 4516 Plato:
