3442 5324
742 399 784 463 73

239 618 278 684 In
311 615 521 700 Iphigenia
558 615 644 681 enim
678 612 888 680 Aulidensi
922 613 1123 695 Agamemno
1159 629 1268 677 senem
1303 630 1376 677 cum

152 725 274 792 litteris
298 724 340 791 ad
363 723 635 807 Clytaemestram
658 721 808 802 miserat,
834 739 929 801 quem
951 719 1121 786 Menelaus
1144 719 1374 801 interceperat.

152 831 223 916 Qua
250 833 290 898 da
312 851 349 896 re
380 836 582 912 spectatores
605 830 720 896 horum
748 830 916 894 modorum
946 828 1051 893 altero
1080 831 1175 892 arant
1202 825 1375 892 edocendi:

152 945 208 1005 aut
231 937 302 1005 seni
324 938 389 1004 hnc
403 937 656 1003 renuntiandum
680 941 752 1002 erat
767 935 953 1001 Menelaum
977 933 1043 1016 ipsi
1060 933 1191 999 litteras
1215 932 1376 1014 eripuisse

152 1052 209 1111 aut
231 1045 322 1112 locus
351 1044 409 1110 ille
433 1049 505 1110 erat
526 1044 837 1126 repraesentandus
867 1060 930 1123 quo
954 1041 1123 1108 Menelaus
1151 1040 1223 1106 seni
1245 1039 1377 1105 litteras

152 1153 279 1235 eripere
303 1158 487 1219 conaretur.
535 1151 624 1234 Quas
648 1151 728 1218 duas
757 1150 903 1218 rationes
926 1148 1106 1230 Euripides
1134 1147 1243 1214 studio
1272 1147 1376 1214 actio-

150 1280 223 1326 nem
255 1260 361 1342 ipsam
395 1259 595 1342 producendi
627 1265 805 1325 commotus
836 1256 1088 1338 contaminavit,
1125 1275 1197 1322 oum
1227 1253 1304 1320 illos
1335 1254 1377 1319 ad

151 1368 327 1433 tentorium
350 1368 541 1449 adduceret,
570 1365 628 1432 ubi
651 1365 820 1432 Menelaus
844 1364 1019 1446 epistulam
1048 1383 1089 1429 ex
1111 1363 1262 1429 manibus
1285 1360 1377 1427 illins

151 1480 360 1555 extorqueret
383 1473 426 1558 (v.
445 1473 621 1560 303-16).
669 1473 734 1540 Sed
757 1492 853 1554 quam
877 1473 1053 1538 absurdum
1077 1475 1164 1536 esset
1186 1487 1296 1535 senam
1318 1487 1378 1550 per

150 1587 255 1647 totum
286 1581 353 1646 iter
381 1581 531 1647 Menelao
565 1581 696 1664 urgenti
726 1580 904 1661 restitisse,
937 1579 1041 1645 donec
1073 1577 1136 1644 huc
1165 1577 1272 1660 ipsum
1303 1595 1378 1658 per-

150 1689 329 1770 venissent,
353 1688 531 1771 Euripides
554 1707 619 1754 nou
644 1688 775 1754 curavit
796 1685 818 1772 ).

239 1795 331 1862 Neve
359 1814 479 1862 scaena
506 1800 665 1878 mutetur,
694 1796 779 1875 quod
807 1812 967 1876 personae
991 1811 1074 1873 quae
1101 1791 1237 1858 multum
1267 1791 1379 1858 valent

150 1904 192 1969 ad
217 1903 380 1969 actionem
403 1903 520 1985 ipsam,
545 1902 612 1968 alio
636 1921 671 1968 se
688 1900 872 1983 conferant,
896 1899 1074 1982 Euripides
1095 1898 1259 1980 quaslibet
1282 1897 1379 1980 fingit

151 2028 306 2092 causaS,
332 2009 471 2090 quibus
494 2008 666 2092 prolatis
691 2008 791 2074 etiam
814 2027 873 2090 per
897 2007 1121 2088 insequentem
1145 2006 1280 2072 fabulae
1303 2024 1379 2087 par-

152 2121 218 2182 tem
242 2115 282 2182 in
305 2135 448 2182 scaena
471 2135 672 2183 remanere
695 2115 783 2182 illis
806 2115 938 2181 liceat.

242 2223 281 2289 In
305 2223 560 2306 Supplicibus
590 2224 676 2289 anim
699 2229 822 2289 matres
846 2241 986 2305 corpora
1013 2221 1156 2287 filiorum
1180 2225 1378 2302 necatorum,

151 2349 237 2411 quae
265 2335 302 2395 ut
324 2333 556 2397 comburantur
579 2331 730 2397 curribus
753 2331 963 2411 auferuntur,
992 2327 1085 2409 sequi
1109 2329 1253 2394 Theseus
1276 2333 1378 2408 vetat,

152 2457 225 2505 cnm
249 2437 393 2504 Adrasto
418 2437 495 2504 illas
518 2437 570 2504 his
593 2437 705 2504 verbis
729 2436 865 2503 adeunti
888 2435 932 2522 (v.
950 2433 1045 2522 941):

367 2551 424 2633 ἴτ’,
448 2545 475 2618 ὦ
497 2551 682 2620 τάλαιναι
704 2550 888 2640 μητέρες,
911 2549 1056 2618 τέκνοιν
1078 2546 1200 2626 πέλας

151 2673 234 2738 haec
258 2673 456 2754 respondeat
479 2671 522 2757 (v.
540 2672 605 2736 942
629 2676 662 2736 et
684 2668 780 2755 944);

368 2783 481 2876 ἥκιστ’,
497 2783 672 2875 Ἄδραστε,
695 2787 793 2852 τοῦτο
816 2781 1011 2873 πρόσφορον
1034 2780 1148 2868 λέγεις.

367 2891 508 2960 ὄλοιντ’
533 2891 691 2959 ἰδοῦσαι
714 2889 842 2959 τούσδ’
865 2887 910 2957 ἂν
935 2888 1234 2980 ἠλλοιωμένους.

242 3011 280 3078 Si
304 3011 389 3077 enim
412 3017 533 3077 matres
557 3029 677 3076 scaena
696 3010 923 3091 decessissent,
948 3027 1012 3074 non
1035 3007 1227 3072 habuissent
1250 3025 1308 3072 cur
1329 3025 1380 3071 re-

150 3123 375 3200 venerantum
392 3118 505 3199 itaque
515 3118 659 3184 Theseus
672 3118 814 3183 cinerem
829 3117 960 3182 illorum
976 3134 1035 3197 per
1046 3132 1165 3196 pueros
1182 3113 1216 3178 in
1229 3131 1380 3179 scaenam

32 3279 43 3306 ,
151 3226 276 3294 referri
291 3225 382 3292 iubet
404 3225 447 3312 (v.
460 3224 637 3310 948-49),
662 3243 727 3305 qna
748 3244 785 3290 re
808 3222 961 3305 efficitur,
982 3228 1019 3288 nt
1034 3223 1152 3288 chorus
1168 3221 1210 3286 ad
1226 3219 1381 3302 templum

152 3339 333 3416 remaneat,
362 3332 420 3400 nbi
441 3332 582 3414 lugubre
605 3338 804 3397 mortuorum
825 3329 930 3396 fatum
946 3335 1103 3411 queratur
1126 3327 1169 3412 (v.
1183 3327 1381 3413 1114-64).

243 3440 356 3522 Neque
381 3439 449 3506 alia
472 3444 651 3505 commotus
675 3458 775 3504 causa
791 3437 936 3503 Theseus
960 3475 1002 3484 —
1027 3436 1061 3502 id
1085 3437 1170 3517 quod
1193 3435 1299 3517 primo
1324 3437 1381 3500 ob-

152 3556 227 3615 tutu
261 3548 379 3614 mirum
415 3565 485 3613 esse
515 3546 647 3613 videtur
676 3584 719 3592 -
749 3544 894 3625 reliquos
925 3545 1056 3625 quidem
1086 3544 1176 3610 viros
1211 3542 1278 3608 alio
1308 3541 1381 3608 loco

152 3653 302 3722 comburi
325 3655 425 3736 iubet,
450 3653 596 3736 Capanei
620 3658 728 3718 autem
744 3670 859 3734 rogum
883 3653 926 3717 od
941 3652 1098 3733 templum
1121 3651 1228 3733 ipsum
1245 3649 1380 3717 exstrui.

152 3765 227 3848 Qua
252 3764 291 3828 de
314 3781 350 3828 re
366 3762 511 3827 Theseus
534 3760 605 3843 ipse
630 3765 663 3826 et
685 3760 849 3826 Adrastus
872 3760 924 3826 his
940 3759 1052 3826 verbis
1076 3759 1163 3825 inter
1185 3777 1257 3826 sese
1281 3758 1381 3824 collo-

152 3876 298 3952 quuntur
321 3867 364 3955 (v.
382 3867 588 3954 934-938):

288 3989 360 4053 ΘΗ.
385 3982 443 4052 τὸν
465 3983 526 4069 μὲν
548 3982 630 4061 Διὸς
653 3980 816 4072 πληγέντα
838 3979 1002 4049 Καπανέα
1025 3980 1108 4071 πυρί
1131 4020 1174 4028 -

284 4099 357 4161 ΛΔ.
382 4085 402 4182 ἦ
425 4093 544 4181 χωρὶς
567 4089 676 4182 ἱερὸν
699 4089 749 4168 ὠς
771 4087 908 4179 νεκρὸν
930 4087 1067 4178 ,λάψαι
1091 4087 1244 4166 θέλεις,·

289 4205 361 4268 ΘΗ.
386 4199 459 4266 ναί·
490 4197 582 4276 τοὺς
606 4196 647 4266 δὲ
669 4195 697 4284 γ’
720 4195 863 4275 ἄλλους
885 4194 1038 4273 πάντας
1061 4195 1100 4262 ἐν
1123 4198 1194 4284 μιᾷ
1216 4198 1330 4283 πυρᾷ.
1411 4205 1415 4214 “

286 4312 359 4376 ΑΔ.
383 4311 459 4374 ποῦ
483 4309 580 4397 δῆτα
602 4304 745 4395 θήσεις
768 4309 899 4394 μνῆμα
922 4304 1020 4390 τῷδε
1042 4302 1234 4392 χωρίσας,·

289 4420 361 4483 ΘΗ.
386 4413 506 4482 αὐτοῦ
528 4411 621 4503 παρ’
645 4415 777 4489 οἴκους
799 4409 941 4479 τούσδε
965 4408 1172 4499 συμπήξας
1194 4407 1329 4497 τάφον.
