3462 5312
970 416 1031 483 142

474 629 692 698 Accusativus
724 629 826 697 Plani
855 631 983 696 insulae
1013 649 1142 712 semper
1172 636 1223 696 est
1251 629 1380 697 Pharon
1408 630 1501 715 (Luc.
1520 629 1609 696 VIII.

385 739 446 822 IX,
477 739 510 803 X
537 737 616 804 libri
648 738 871 820 compluribus
899 737 996 820 locis,
1028 738 1101 804 Val.
1118 737 1229 804 Flacc.
1247 737 1313 804 VII
1336 738 1379 804 85
1414 737 1497 803 Stat.
1512 737 1610 803 Vbeb.

386 845 454 911 XII
470 845 534 910 516
558 845 629 910 Iuv.
647 847 694 912 VI
711 847 763 928 83,
788 846 856 912 XII
874 846 938 931 76).
987 846 1051 912 Sed
1075 845 1109 910 in
1133 845 1197 910 fine
1212 865 1328 913 versus
1344 846 1409 910 499
1433 845 1515 910 libri
1531 845 1611 912 VIII

384 952 512 1018 Lucani
536 953 672 1035 scripsit
687 953 825 1020 Hosius:
852 954 1024 1036 Nilumque
1041 953 1251 1036 Pinnamque.
1291 953 1396 1037 Quam
1414 952 1612 1034 scripturam

384 1062 502 1142 probo,
536 1078 610 1125 nam
636 1079 831 1140 quamquam
855 1060 984 1127 codices
1008 1059 1130 1127 VPUG
1152 1063 1314 1142 praebent
1330 1060 1472 1142 pharon,
1505 1067 1612 1125 tamen

386 1186 502 1233 censeo
527 1167 716 1249 analogiam
740 1173 773 1232 et
798 1167 940 1234 fortasse
964 1167 1064 1232 etiam
1088 1186 1202 1232 sonum
1227 1167 1410 1249 elegantem
1433 1167 1611 1249 postulare,

386 1279 422 1339 ut
456 1275 551 1340 ambo
584 1274 717 1339 nomina
751 1274 959 1355 insequentia
991 1275 1126 1340 eandem
1160 1274 1303 1339 habeant
1337 1273 1612 1340 terminationem.

385 1381 464 1447 Sum
496 1386 604 1446 autem
629 1381 759 1448 Graeca
791 1381 898 1447 forma
920 1381 1007 1447 nilon
1035 1399 1055 1446 a
1084 1380 1252 1446 codicibus
1277 1380 1304 1446 P
1327 1387 1360 1445 et
1382 1380 1413 1448 G
1444 1380 1527 1446 solis
1554 1381 1612 1446 hoc

384 1487 457 1554 loco
488 1489 640 1553 tradatur
670 1493 703 1553 et
730 1489 839 1553 decem
870 1488 948 1554 aliis
979 1488 1061 1554 locis
1089 1486 1213 1553 Latina
1244 1489 1351 1554 forma
1378 1488 1493 1554 Nilum
1524 1495 1613 1553 certa

385 1595 445 1677 sit,
477 1596 561 1660 banc
591 1595 643 1661 his
674 1597 771 1662 rebus
803 1597 1061 1677 comprobatam,
1094 1601 1130 1660 ut
1159 1595 1280 1661 Latine
1310 1595 1499 1661 flecteretur
1530 1595 1612 1675 quod

385 1705 584 1782 sequebatur
607 1702 760 1784 anrnm,
786 1701 935 1768 effecisse
959 1708 1047 1784 puto.

476 1809 638 1876 Graecum
668 1808 892 1875 accusativum
927 1810 1041 1890 Tityon
1072 1810 1181 1890 (Aeto.
1199 1809 1243 1875 80
1272 1808 1355 1875 Stat.
1373 1807 1473 1874 Theb.
1500 1807 1611 1889 1710,

385 1916 433 1984 IV
448 1899 524 1997 538,
549 1915 614 1982 VII
638 1916 716 2000 352)
749 1935 819 1981 esse
851 1916 1008 1982 usitatum
1039 1935 1141 1998 supra
1168 1915 1320 1984 vidimus.
1368 1915 1612 1982 2555511515-

384 2023 454 2089 rius
482 2023 623 2089 Flaccus
654 2022 796 2087 111226
831 2023 968 2105 scripsit
999 2023 1128 2107 Titpnm
1160 2023 1302 2089 fortasse
1335 2021 1492 2105 nominis,
1530 2021 1613 2102 quod

387 2130 562 2212 antecedit,
591 2130 765 2197 Saturnum
789 2130 938 2212 exemplo
963 2136 1149 2196 commotus

475 2237 607 2304 Nullam
632 2237 780 2303 invenire
804 2257 936 2320 possum
959 2256 1102 2319 causa-M,
1128 2255 1193 2318 qua
1216 2244 1394 2304 commotus
1418 2237 1523 2304 Silius
1546 2237 1611 2302 Ita-

385 2344 469 2410 licus
505 2344 539 2410 in
574 2344 709 2410 Punicis
744 2345 862 2413 11204
897 2345 1085 2410 adbibuerit
1119 2345 1274 2410 Latinam
1311 2346 1449 2410 iormam
1486 2343 1610 2422 Delum,

385 2469 581 2532 quamquam
597 2451 651 2517 bic
673 2451 883 2517 accusativus
907 2451 1057 2518 omuibus
1079 2452 1198 2517 ceteris
1222 2450 1304 2518 locis
1328 2451 1446 2518 Manili
1470 2451 1611 2518 Senecae

385 2557 471 2624 Stati
506 2558 673 2624 Martialis
718 2559 844 2626 Graece
887 2565 938 2624 est
977 2559 1187 2625 declinatus.-
1224 2559 1442 2643 Quamobrem
1478 2565 1612 2624 auctore

386 2665 561 2731 Foerstero
590 2671 707 2747 putare
731 2665 842 2731 malim
868 2666 966 2732 etiam
983 2666 1100 2732 Silium
1118 2665 1270 2732 italicum
1288 2665 1450 2734 Graecam
1473 2666 1612 2732 formam

387 2771 491 2839 Delon
514 2771 713 2854 adhibuisse,
738 2773 933 2853 praesertim
951 2793 1033 2854 cum,
1059 2773 1091 2838 id
1108 2774 1194 2854 quod
1209 2773 1306 2841 valde
1322 2773 1536 2839 memorabile
1554 2781 1612 2852 est,

387 2879 473 2946 idem
496 2885 595 2961 poeta
619 2879 653 2944 in
676 2879 811 2946 Punicis
835 2879 886 2944 XI
902 2881 968 2946 470
992 2879 1154 2948 Graecum
1179 2880 1402 2948 accusativum
1427 2880 1614 2947 servaverit

381 2994 514 3072 panton,
551 3006 623 3052 cum
655 2987 774 3052 ceteris
807 2988 979 3069 permultis
1014 2987 1097 3054 locis
1128 3007 1256 3070 semper
1285 2988 1474 3054 inveniatur
1506 2988 1614 3054 forma

382 3102 527 3178 podiam,
559 3096 598 3160 de
622 3112 687 3174 qua
711 3113 751 3160 ne
775 3095 809 3158 in
833 3094 1001 3160 codicibus
1025 3095 1154 3175 quidem
1183 3095 1269 3161 ullus
1299 3114 1392 3160 error
1414 3101 1474 3160 est.

475 3201 625 3281 Denique
659 3201 816 3268 nonnulla
850 3204 953 3268 verba
989 3201 1111 3268 faciam
1147 3204 1187 3267 de
1223 3201 1361 3268 Graecis
1397 3202 1613 3268 nominativis

387 3308 567 3389 nonnullis,
597 3327 732 3389 quornm
757 3309 966 3375 accusativus
990 3309 1111 3375 Latine
1135 3309 1213 3375 exit.
1261 3310 1352 3394 Quae
1377 3308 1614 3375 dissimilitudo

386 3414 519 3498 saepius
549 3417 724 3481 referenda
751 3421 802 3481 est
825 3417 868 3481 ad
896 3415 943 3498 id,
978 3417 1063 3497 quod
1087 3416 1173 3482 alius
1204 3434 1299 3482 casus
1331 3415 1499 3484 invenitur
1526 3415 1613 3498 apud

387 3522 488 3588 alium
511 3529 650 3604 poetam.

476 3629 531 3696 Sic
565 3629 719 3695 Lucanus
746 3629 830 3696 VIII
856 3629 916 3694 181
949 3630 1086 3712 scripsit
1119 3629 1277 3713 Canopos,
1317 3628 1476 3696 Manilius
1507 3629 1613 3696 1216

391 3735 566 3820 Canopum,
590 3736 748 3802 Manilius
768 3737 815 3805 IV
833 3737 896 3802 755
920 3737 1076 3820 Barcinos,
1105 3737 1258 3804 Lucanus
1281 3737 1332 3803 lX
1348 3736 1414 3802 960
1436 3736 1614 3818 Marcionem,

387 3843 513 3910 Statius
537 3843 617 3908 Ach.
642 3843 660 3908 Ι
683 3843 750 3909 420
772 3845 900 3926 Epiros,
931 3844 1085 3910 Lucanus
1109 3845 1143 3910 II
1166 3845 1242 3922 646,
1267 3845 1343 3926 119,
1360 3843 1426 3910 496
1454 3851 1489 3910 et
1511 3844 1613 3911 Silius

386 3951 524 4016 Italicus
557 3951 620 4018 XV
637 3951 701 4016 298
733 3950 881 4034 Epiron.
935 3951 998 4017 Sed
1030 3950 1127 4018 buius
1159 3952 1300 4018 nominis
1333 3959 1472 4032 utraque
1508 3952 1613 4017 forma

387 4060 474 4140 apud
503 4059 638 4123 eundem
662 4075 788 4138 quoque
817 4064 927 4124 exstat
949 4059 1137 4142 Manilium,
1170 4059 1225 4140 qui
1249 4059 1294 4125 IV
1312 4059 1378 4124 690
1400 4057 1536 4142 Epiros,
1567 4058 1612 4124 IV

387 4167 451 4232 611
483 4165 620 4248 Epirum
653 4165 802 4247 scripsit,
837 4184 933 4246 quam
960 4166 1116 4232 Latlnam
1150 4165 1290 4233 formam
1319 4185 1435 4233 versus
1469 4165 1611 4233 tortasse

388 4272 515 4340 sonitus
537 4272 743 4355 postulabat:

530 4380 709 4463 Illyricam,
734 4380 931 4464 Epimmqne
954 4383 1049 4464 15551,
1075 4382 1255 4465 claramque
1279 4379 1470 4448 Corinthum

477 4487 642 4570 Nominis,
667 4488 760 4554 cuius
784 4489 1005 4555 nominativus
1030 4489 1176 4556 Graecus
1202 4487 1329 4556 055555
1356 4489 1391 4553 in
1413 4489 1502 4555 Stati
1529 4488 1610 4571 legi-

388 4600 443 4660 tur
472 4594 574 4661 Silvis
601 4595 618 4659 Ι
642 4595 747 4677 6,15,
783 4595 903 4661 Latino
939 4596 1128 4664 accusativo
1164 4593 1308 4663 Catinam
1343 4595 1446 4663 Silius
1474 4595 1609 4662 Italicus
