3462 5312
451 627 542 692 Idem
558 626 729 692 dicendum
754 632 803 691 est
820 627 859 690 de
882 624 1072 690 accusativo
1099 623 1242 688 Thracen
1264 622 1474 708 (StatTlieb.
1496 625 1520 690 V
1537 623 1588 703 84,

362 735 427 802 VlI
454 733 544 818 180),
575 733 667 798 cuius
691 732 833 798 nominis
856 731 1079 797 nominativus
1104 731 1251 797 Graecus
1275 729 1310 794 in
1334 729 1437 796 Silvis
1462 729 1589 810 quidem

364 841 455 906 etin
480 839 674 920 Achilleide,
700 841 756 904 sed
782 859 845 904 non
870 839 903 903 in
920 838 1087 903 Thebaide
1113 842 1231 918 exstat,
1257 837 1291 901 in
1315 855 1380 916 qua
1403 836 1589 918 genetivum

362 949 455 1013 modo
481 947 600 1012 Latine
625 945 835 1012 terminatum
860 945 1004 1012 Tbraeae
1027 944 1221 1010 invenimus.

452 1053 590 1136 Saepius
625 1059 733 1118 autem
768 1053 849 1118 haec
885 1053 1031 1133 nomina,
1067 1071 1202 1132 quorum
1238 1050 1462 1117 nominativus
1498 1051 1588 1116 modo

362 1162 517 1228 Latinam
546 1162 638 1225 modo
665 1161 826 1227 Graecam
854 1159 1015 1226 rationem
1044 1159 1206 1239 sequitur,
1237 1157 1336 1224 etiam
1366 1159 1589 1224 accusativum

364 1268 488 1351 duplici
513 1269 605 1332 modo
631 1267 838 1332 terminatum
864 1267 1047 1331 ostendunt.

450 1375 535 1440 Nam
563 1379 696 1456 praeter
727 1375 887 1440 Graecam
920 1373 1058 1438 formam
1090 1371 1250 1438 Hesionen
1283 1372 1466 1438 invenimus
1498 1371 1588 1437 Lati-

362 1501 437 1548 nam
462 1481 636 1548 Hesionam
661 1483 747 1563 apud
770 1480 939 1548 Valerium
963 1480 1119 1546 Flaccum
1143 1481 1189 1547 IV
1214 1480 1290 1560 164,
1323 1498 1387 1559 qua
1410 1478 1441 1544 ei
1466 1479 1508 1544 ad
1532 1478 1589 1544 eli-

362 1591 501 1656 dendum
525 1609 605 1671 opus
630 1595 711 1654 erat.

451 1696 574 1762 Latina
605 1696 712 1760 forma
742 1695 880 1762 Niobam
910 1714 973 1760 uuo
1001 1695 1073 1760 loco
1106 1713 1207 1774 eoque
1238 1693 1398 1759 sermonis
1428 1691 1588 1774 pedestris

362 1803 396 1869 in
427 1804 553 1887 verbis,
591 1821 673 1883 quae
703 1802 878 1869 Petronius
909 1803 961 1884 52,
984 1803 1048 1883 2,1
1083 1801 1283 1867 ineruditum
1313 1799 1588 1865 Trimalchionem

364 1910 524 1976 dicentem
544 1911 635 1992 iacit,
661 1909 755 1976 nobis
780 1910 932 1975 occurrit.
972 1909 1012 1974 In
1036 1909 1186 1975 versibus
1210 1915 1319 1974 autem
1343 1925 1472 1988 semper
1495 1925 1589 1972 aecu-

361 2017 489 2084 sativus
514 2018 661 2084 Graecus
685 2018 808 2083 Nioben
830 2016 1024 2083 nominativi
1049 2035 1142 2082 usum
1166 2022 1296 2081 secutus
1321 2021 1378 2080 est.

452 2126 572 2190 Aetnae
607 2124 748 2190 nominis
787 2124 995 2190 accusativus
1030 2123 1219 2206 plerumque
1250 2119 1369 2188 Latine
1406 2126 1457 2187 est
1486 2121 1588 2186 flexus

362 2231 512 2317 (novies).
561 2232 682 2297 Aetnen
710 2231 775 2296 uisi
799 2232 833 2296 in
857 2231 1029 2297 Statianae
1054 2229 1249 2296 Achilleidis
1274 2247 1370 2296 versu
1394 2228 1411 2293 I
1435 2227 1502 2293 490
1526 2247 1587 2294 nou

361 2338 510 2420 legimus.
558 2339 762 2422 Quamquam
793 2338 854 2404 hoc
882 2357 1007 2418 quoque
1039 2337 1110 2402 loco
1138 2337 1268 2403 codices
1296 2338 1325 2419 ῖ)
1354 2337 1435 2402 θῖο
1463 2335 1587 2434 ethnam

362 2447 505 2526 tradunt,
531 2452 640 2511 tamen
662 2445 823 2510 Graecam
849 2445 988 2510 somnam
1013 2446 1207 2512 servandam
1232 2462 1358 2526 censeo,
1382 2461 1422 2508 ne
1447 2441 1587 2508 nominis

361 2552 561 2619 substantivi
586 2552 620 2616 in
644 2552 709 2618 tine
728 2572 843 2618 versus
867 2552 968 2634 positi
993 2552 1181 2618 terminatio
1206 2552 1318 2616 eadem
1341 2551 1387 2617 sit
1409 2557 1509 2630 atque
1532 2551 1586 2615 ad-

278 2688 283 2698 ·
363 2660 477 2726 ieetivi
504 2661 673 2744 laniferarn
701 2667 776 2725 ante
801 2679 971 2725 caesuram
995 2659 1158 2724 collocati.
1206 2660 1296 2743 Quae
1326 2657 1434 2724 forma
1456 2663 1587 2738 praeter

361 2767 598 2833 nominativum
634 2769 733 2834 Aetne
763 2766 861 2852 (Silv.
886 2767 939 2832 Ill
965 2766 1094 2853 1,130)
1133 2768 1203 2832 sola
1241 2773 1292 2831 est
1328 2766 1423 2830 buius
1459 2764 1585 2844 quidem

362 2875 513 2956 nominis
538 2893 634 2954 quam
659 2874 785 2940 Statius
809 2875 936 2940 Graece
960 2874 1067 2956 flexit,
1097 2893 1172 2938 nam
1201 2873 1235 2938 in
1260 2873 1330 2939 eius
1354 2871 1510 2954 operibus
1533 2889 1585 2953 ge-

361 2981 491 3047 netivus
522 2987 571 3047 est
599 2980 716 3048 Aetnae
741 2981 833 3066 (Aah.
859 2981 976 3064 1824)
1008 2981 1175 3047 ablativus
1206 2985 1309 3048 Aetna
1333 2981 1446 3064 (Theb.
1472 2979 1490 3044 Ι
1513 2979 1584 3056 458,

360 3088 459 3170 750,
485 3088 532 3156 vl
557 3088 633 3173 716)
659 3087 867 3154 accusativus
892 3088 1027 3154 Aetnam
1051 3087 1164 3172 (Theb.
1190 3088 1222 3153 X
1246 3089 1321 3169 917,
1345 3087 1397 3151 XI
1420 3085 1464 3172 8).

449 3195 605 3260 Latinam
630 3195 769 3260 formam
793 3194 955 3260 Hecubam
986 3201 1102 3260 auctor
1124 3194 1242 3260 Iliadis
1266 3194 1408 3259 Latinae
1432 3193 1466 3258 in
1492 3211 1585 3258 versu

362 3303 427 3367 546
452 3302 612 3381 adhibuit,
639 3322 832 3382 quamquam
850 3301 1087 3368 nominativum
1104 3303 1251 3368 servavit
1273 3301 1407 3367 Hecabe.
1441 3300 1585 3366 Graecus

362 3409 570 3475 aecusativus
595 3408 741 3477 Hecaben
765 3410 883 3474 dubius
908 3409 1014 3475 estin
1038 3410 1189 3475 versibus
1213 3408 1380 3474 Martialis

405 3516 575 3598 1113a3:
602 3517 737 3582 Possum
754 3517 910 3599 Hecaben,
930 3539 1061 3598 possam
1079 3516 1211 3598 Nioben,
1236 3516 1411 3597 Memnonia,
1436 3516 1492 3581 sed
1513 3517 1544 3581 si

406 3624 457 3688 ΙΙΙ
475 3625 526 3706 76,
541 3625 575 3687 4;
602 3624 681 3690 Cam
700 3627 806 3707 possis
829 3624 984 3705 Hecaben,
1009 3645 1071 3690 non
1089 3631 1178 3706 potas
1201 3622 1449 3691 Androna-aben.

361 3731 441 3797 Gum
468 3733 636 3796 amborum
661 3750 812 3798 versuum
841 3737 1068 3814 argumentum
1096 3731 1141 3797 sit
1164 3730 1379 3810 simillimum,
1408 3737 1487 3812 puto
1512 3749 1585 3795 ean-

361 3839 433 3903 dem
458 3857 583 3918 quoque
607 3839 739 3904 nomina
763 3838 961 3904 terminandi
986 3839 1146 3904 rationem
1169 3838 1401 3904 vindicandam
1425 3857 1506 3904 esse.
1548 3837 1586 3902 In

359 3945 542 4026 posteriore
576 3964 673 4012 versu
715 3945 849 4010 tradunt
891 3945 1020 4011 codices
1058 3946 1085 4010 B
1115 3947 1246 4012 lrecaben
1289 3945 1379 4010 EAF
1410 3946 1487 4012 baec
1510 3945 1585 4010 aben

362 4052 448 4136 QVO
476 4052 611 4118 beenben
652 4052 818 4118 Gbecabe
855 4053 882 4116 P
912 4053 1024 4118 ecnbcn
1065 4052 1121 4119 'FO
1153 4053 1315 4132 lactabam,
1352 4071 1415 4132 quo
1449 4059 1585 4135 apparet

360 4159 507 4226 Hecaben
531 4160 698 4225 codicibus
716 4159 836 4242 optime
861 4160 1085 4225 confirmatum
1105 4179 1186 4242 esso,
1211 4178 1307 4241 quam
1325 4161 1465 4225 somnam
1490 4161 1586 4225 etiam

360 4266 510 4350 Liudsay
545 4266 580 4331 in
610 4273 735 4331 textum
767 4267 907 4349 recepit,
941 4267 1137 4348 praesertim
1173 4287 1245 4332 oum
1281 4267 1319 4332 de
1352 4267 1586 4334 Andromachen

361 4373 503 4455 nominc,
537 4374 622 4453 quod
646 4373 806 4456 sequitur,
842 4374 932 4440 nulla
964 4374 1009 4440 sit
1033 4373 1204 4439 dubitatio.
1253 4375 1360 4454 Atque
1392 4379 1505 4440 notum
1539 4381 1585 4439 est

360 4488 472 4563 partes
495 4481 692 4563 pentametri
717 4501 815 4562 saepe
840 4487 873 4546 et
887 4481 1029 4547 libenter
1053 4503 1073 4548 a
1096 4483 1203 4564 poetis
1228 4482 1339 4548 eadem
1357 4483 1584 4548 terminatione

360 4588 459 4653 finiri.
492 4589 615 4671 Quare
632 4597 809 4656 commotus
833 4590 979 4656 arbitror
994 4591 1105 4671 priore
1128 4609 1254 4671 quoque
1278 4589 1336 4656 illo
1354 4590 1425 4656 loeo
1443 4591 1584 4657 Graecis
