3442 5324
753 406 795 470 79

668 496 878 505 ——-—

250 618 289 684 ln
312 618 449 701 prologo
474 618 560 684 enim
583 618 692 684 Ionis
717 617 851 685 fabulae
872 619 1055 686 Mercurius
1079 621 1160 686 haec
1183 619 1387 687 vaticinatur

159 724 203 810 (v.
222 725 382 810 66-73);

159 847 275 936 ἥκουσι
300 849 357 932 (se.
381 849 513 927 Ξοῦθος
534 850 590 916 καί
613 848 782 939 Κρέουσα)
806 847 891 938 πρὸς
912 848 1044 933 μαντεῖ’
1067 848 1271 928 ’Λπόλλωνος
1293 849 1384 929 τάδε,

320 955 418 1046 ἔρωτι
441 955 581 1025 παίδων.
622 957 750 1042 Λοξίας
774 957 811 1024 δὲ
833 956 891 1047 τὴν
914 955 1015 1046 τόχην

321 1062 369 1141 εἷς
391 1061 480 1131 τοῦτ’
501 1062 639 1144 'morinen
664 1062 723 1132 noui
745 1063 895 1154 λέληθεν,
920 1065 964 1143 dg
987 1067 1086 1134 douai.

321 1171 420 1240 δώσει
443 1169 504 1261 γὰρ
529 1170 715 1240 εἰσελθόντι
738 1178 894 1257 μαντεῖον
916 1171 993 1239 τόδε

321 1277 443 1366 Ξούθῳ
465 1277 522 1347 τόν
546 1277 649 1347 αὐτοῦ
671 1281 788 1359 παῖδα,
812 1279 876 1348 καὶ
900 1278 1118 1369 πεφυκέναι

320 1386 450 1454 κείνου
475 1411 548 1476 σφε
571 1383 705 1476 φήσει,
729 1385 877 1476 μητρὸς
900 1385 949 1464 dg
973 1385 1099 1454 ε’λόιὺν
1123 1386 1269 1473 δόμους

319 1499 476 1582 γνωσθῇ
498 1491 696 1583 Κρεούσῃ,
719 1495 783 1561 καὶ
807 1491 925 1578 γάμοι
948 1519 988 1562 τε
1012 1495 1162 1580 Λοξίου

319 1602 485 1690 κρυπτοὶ
509 1599 696 1686 γένωνται
720 1606 815 1678 παῖς
837 1599 866 1666 τ’
891 1599 958 1690 ἔχῃ
980 1601 1027 1668 τὰ
1050 1600 1271 1694 πρόσφορα.

249 1727 375 1812 Quibus
399 1728 510 1794 verbis
534 1728 617 1794 satis
641 1747 802 1811 superque
826 1729 953 1796 elucere
977 1729 1058 1794 mihi
1081 1729 1215 1796 videtur
1231 1731 1385 1797 Creusam

158 1835 264 1900 filium
288 1835 375 1900 domi
409 1833 618 1921 (nti-72:
649 1833 797 1923 μητρός
827 1833 877 1912 aig
904 1833 1033 1903 ε’λθιόν
1056 1834 1202 1920 δόμους
1229 1841 1386 1925 γνωσθῇ

159 1938 374 2030 Κρεούσῃ),
410 1943 471 2008 1]οο
500 1948 551 2008 est
574 1942 726 2025 Athenis,
757 1962 828 2009 esse
857 1943 1072 2026 cognituram.
1120 1943 1213 2027 Quod
1241 1944 1270 2010 si
1299 1944 1386 2012 aoei-

159 2048 277 2131 disset,
310 2068 382 2115 oum
410 2069 530 2115 scaena
553 2051 710 2116 mutanda
734 2056 833 2132 esset,
865 2050 1043 2133 Euripides
1066 2050 1304 2117 vaticinatione
1333 2052 1385 2116 dei

159 2155 258 2238 plane
286 2156 521 2239 praetermissa
544 2157 656 2224 Ionem
684 2164 833 2232 amatre
856 2157 994 2240 Delphis
1023 2157 1106 2241 ipsis
1130 2157 1266 2240 agnosci
1291 2157 1384 2224 facit.
1453 2243 1456 2250 Ι

159 2263 233 2346 Qua
270 2263 306 2328 in
344 2283 380 2329 re
417 2263 620 2347 perficienda
658 2271 813 2346 quantum
855 2265 1069 2332 collocaverit
1106 2265 1249 2331 studium
1287 2271 1385 2348 atque

159 2371 321 2452 laborem,
353 2371 494 2454 siugulis
521 2371 605 2438 locis
633 2372 844 2438 manifestum
869 2378 927 2441 est.
975 2372 1103 2438 Natura
1134 2372 1220 2464 enim
1244 2372 1384 2454 ferebat,

160 2485 196 2544 ut
223 2482 319 2560 pater
349 2477 453 2544 filium
481 2485 646 2561 repertum
676 2480 747 2546 sine
774 2498 867 2546 mora
891 2481 1037 2546 Athenas
1067 2480 1222 2545 reducere
1253 2485 1387 2562 cuperet

161 2583 217 2670 (cf.
234 2605 265 2652 v.
283 2585 348 2652 576
362 2605 420 2670 sq,
445 2587 511 2652 654
523 2587 603 2672 sq.;)
636 2587 688 2652 cui
705 2607 777 2653 cum
793 2587 892 2654 Ion
882 2606 955 2670 ipse
971 2587 1199 2670 assentiretur,
1225 2586 1297 2652 fieri
1321 2606 1385 2652 non

158 2692 267 2774 potuit
304 2692 383 2774 quin
418 2712 538 2760 scaena
570 2700 712 2760 mutaret
713 2714 752 2760 ur
789 2694 850 2780 (ol
875 2715 906 2762 v.
924 2695 1006 2760 668:
1037 2691 1196 2778 στείχοιμ’
1219 2689 1285 2780 ἄν).
1339 2695 1386 2761 Ut

159 2805 217 2865 aut
218 2819 268 2865 ern
298 2799 438 2882 Delphis
469 2819 638 2868 remanere
668 2801 751 2884 ipsis
781 2801 882 2868 liceat
889 2808 990 2884 ,prat
992 2821 1028 2867 er
976 2801 1127 2868 tfilio
1158 2802 1239 2868 haec
1270 2801 1386 2866 suadet

159 2908 203 2990 (v.
221 2906 405 2994 663-65):

799 2975 883 3046 α’λλὰ
906 2983 971 3045 τῶν
994 2978 1101 3068 φίλων

372 3082 522 3174 πλήρωμ’
544 3083 711 3175 deputans
734 3084 893 3173 βουόότῳ
918 3085 977 3154 σὺν
1000 3084 1100 3174 ἡδονῇ

373 3191 536 3281 πρόσειπε
559 3191 687 3277 μέλλων
709 3191 848 3283 Δελφίδ’
872 3193 1016 3260 ἐκλιπεῖν
1039 3192 1147 3261 πόλιν.

249 3318 362 3398 Neque
400 3319 500 3385 aliter
536 3319 715 3402 Euripides
754 3320 789 3384 id
827 3319 1004 3402 spectavit,
1044 3326 1081 3385 ut
1112 3319 1236 3385 Creusa
1273 3319 1385 3386 Ionem

161 3425 299 3507 Delphis
339 3425 421 3508 ipsis
458 3427 687 3509 ulcisceretur,
727 3429 802 3493 dum
837 3427 1024 3493 convivium
1062 3426 1146 3492 illud
1184 3445 1256 3492 eum
1291 3433 1386 3509 patre

161 3539 283 3616 ageret
319 3533 522 3616 Quamquam
547 3535 632 3600 enim
655 3535 761 3617 primo
785 3534 915 3615 quidem
939 3535 1130 3616 paedagogo
1155 3533 1385 3616 interroganti,

161 3659 223 3721 quo
247 3641 319 3706 loeo
344 3640 474 3707 facinus
497 3641 580 3707 illud
603 3642 816 3708 commissura
844 3646 945 3722 esset,
917 3641 1062 3706 tidem
1094 3641 1179 3721 quod
1207 3641 1324 3706 deus
1314 3660 1386 3723 lpse

161 3747 363 3814 vaticinatus
387 3755 459 3814 erat
481 3749 696 3831 responderat
720 3749 899 3834 (v.1021):

344 3870 382 3938 ἑν
405 3877 493 3949 ταῖς
516 3869 713 3961 Ἀόῇναις,
741 3871 866 3956 δῶμ’
855 3871 948 3938 όταν
971 3869 1116 3955 τούμὸν
1138 3869 1252 3958 μόλῇ,

161 4004 271 4064 tamen
306 3998 444 4079 denique
475 4001 517 4064 ab
547 3999 606 4064 illo
635 4004 856 4066 commovetur
885 4005 922 4064 ut
949 3999 1020 4064 sine
1050 4017 1142 4063 mora
1170 3999 1282 4062 Ionem
1312 4016 1386 4079 per-

163 4107 238 4172 dere
261 4114 397 4172 conetur
407 4105 440 4192 ¹).

253 4377 271 4444 ¹)
291 4373 394 4440 Quibus
421 4374 501 4428 rebus
525 4375 656 4443 expositis
683 4376 784 4428 nemini
810 4373 922 4428 dubium
948 4376 1002 4427 erit
1032 4374 1097 4439 quin
1128 4371 1200 4426 unde
1233 4371 1266 4425 de
1289 4371 1386 4425 Arnim

163 4463 213 4532 (De
232 4464 405 4532 prologorum
426 4464 634 4531 Euripideorum
654 4470 714 4518 arte
733 4469 762 4518 et
781 4463 1008 4531 interpolatione,
1032 4461 1184 4530 Gryphiaw.
1201 4461 1277 4528 1882,
1300 4477 1324 4528 p.
1338 4461 1386 4515 90:

164 4553 264 4618 ,Video
282 4555 368 4624 igitur
386 4555 416 4607 in
434 4553 485 4608 hoc
497 4553 598 4622 fabiola
616 4553 835 4608 necessitudinem
856 4569 925 4622 qnae
943 4558 982 4605 est
999 4554 1071 4606 inter
1083 4551 1202 4605 homines
1221 4556 1245 4604 et
1263 4551 1326 4604 cleos
1345 4551 1386 4604 ito
