3522 5310
725 317 937 416 „At

242 516 338 599 genis
354 513 476 578 Laertii
492 512 506 578 l
524 513 567 579 40
591 520 663 607 φασὶ
685 520 721 583 δέ
745 540 823 594 τινες
845 519 897 582 καὶ
921 518 951 582 ἐν
976 518 1128 604 Πανιωνίῳ
1152 520 1205 584 καὶ
1227 520 1258 583 ἐν
1274 519 1418 606 Κορίνθῳ

243 634 297 691 καὶ
312 627 343 690 ἐν
356 626 486 714 Δελφοῖς
501 626 656 690 συνελθεῖν
672 621 815 706 αὐτούς’)
844 622 971 688 σοωίσίο
993 643 1058 686 non
1077 623 1208 686 unicum
1225 623 1417 708 scriptorem

194 803 196 808 .
244 729 385 815 aliquem
418 737 544 814 septem
574 730 740 814 sapientes
772 727 825 794 vel
848 728 1040 793 Panionium
1072 727 1126 792 vel
1150 727 1342 794 Corinthum
1365 727 1420 793 vel

243 835 394 922 Delphos
408 839 642 902 convenientes
654 835 786 914 fecisse,
801 836 861 900 sed
874 835 994 922 plures.
1007 836 1046 901 In
1059 835 1228 902 historiola
1241 837 1282 902 de
1296 835 1418 901 Arione

243 955 374 1008 narrata
395 943 533 1028 (Herod.
552 944 642 1027 123)
666 943 845 1008 Periander
867 966 988 1028 magna
1012 945 1203 1008 auctoritate
1227 945 1288 1008 viri
1312 943 1418 1008 cultus

244 1050 519 1138 humanitatisque
567 1050 705 1116 studiosi
750 1049 884 1134 fruitur3
931 1053 985 1135 qni
1034 1051 1131 1116 talem
1172 1059 1301 1137 poetam
1333 1061 1418 1116 tecto

244 1159 378 1245 recepit,
409 1160 574 1244 principes
607 1180 737 1245 quoque
769 1159 964 1244 sapientium
995 1158 1037 1222 ad
1062 1160 1260 1223 sevocavit
1307 1158 1419 1244 Atque

244 1286 304 1329 suo
328 1266 398 1330 iure
422 1289 487 1331 una
511 1288 584 1330 curn
610 1265 660 1330 his
686 1275 745 1338 est,
771 1268 842 1352 ipse
867 1287 996 1352 quoque
1021 1265 1125 1330 ordini
1142 1289 1254 1332 eorum
1271 1267 1421 1351 assigna-¹

243 1383 305 1454 tur,
341 1384 373 1438 et
400 1372 568 1438 Herodoto
598 1371 649 1438 Ill
677 1373 720 1437 53
754 1382 786 1436 et
813 1371 948 1438 Platone
976 1373 1059 1458 Rep.
1089 1372 1105 1436 Ι
1133 1372 1244 1438 336Α
1278 1372 1418 1438 testibus

243 1479 362 1564 placita
385 1479 415 1544 ei
438 1479 606 1565 adscripta
630 1489 715 1562 sunt,
739 1501 891 1544 necnon
911 1478 1102 1544 Demetrius
1126 1478 1307 1545 Phalereus
1331 1478 1418 1566 apud

244 1587 420 1652 stobaeum
438 1586 490 1651 111
511 1588 571 1652 172
596 1610 627 1673 p.
648 1587 711 1652 123
736 1587 777 1652 H.
803 1589 833 1651 ei
858 1586 945 1652 diota
968 1586 1156 1653 vindicavit.
1194 1586 1270 1652 Sed
1293 1609 1418 1674 neque

244 1693 351 1758 Plato
387 1716 513 1780 neque
547 1691 726 1780 Ephorus
758 1693 1015 1758 Periandrum
1050 1697 1269 1780 sapientem
1300 1717 1417 1780 agno·

242 1812 395 1884 verunt,
435 1801 674 1866 Aristoteles
715 1798 866 1866 demum
916 1824 999 1864 eum
1039 1802 1256 1889 sapientem
1300 1799 1420 1866 affert

243 1910 351 1994 (Diog.
368 1909 477 1974 Laert.
495 1909 511 1972 I
528 1910 571 1974 99
589 1913 809 2000 Ἀριστοτέλης
832 1916 884 2001 μὲν
904 1915 959 1978 τὸν
974 1915 1137 2001 Κορίνθιόν
1161 1937 1247 2003 φησιν
1270 1911 1344 1979 εἶναι
1366 1916 1420 1979 τὸν
1530 1908 1534 1918 ’

242 2023 346 2110 σοφόν,
371 2021 500 2086 Πλάτων
523 2023 560 2086 δὲ
583 2020 617 2086 οὔ
642 2019 737 2109 φησι).
782 2017 873 2080 Haec
897 2028 1006 2081 autem
1029 2017 1141 2100 verba,
1167 2018 1343 2104 praecipue
1366 2025 1419 2086 τὸν

242 2129 412 2215 Κορίνθιον,
438 2123 558 2188 docent
591 2125 656 2188 iam
680 2122 867 2188 Aristotelis
904 2123 1106 2210 temporibus
1143 2133 1301 2190 certaturn
1333 2145 1418 2206 esse,

243 2243 349 2297 utrum
366 2230 546 2297 Periander
562 2229 750 2295 Corinthius
774 2232 807 2296 in
831 2240 957 2317 septem
974 2230 1177 2318 sapientibus
1194 2231 1418 2297 numerandus

243 2349 332 2404 esset
358 2336 497 2423 necne2)
529 2338 587 2422 (cf.
613 2361 643 2423 p.
668 2339 715 2416 9).
764 2337 862 2418 Quod
896 2340 994 2424 igitur
1028 2337 1120 2403 Plato
1145 2339 1359 2415 Periandrum
1385 2341 1417 2405 in

242 2457 367 2533 septem
385 2447 580 2532 sapientium
598 2445 745 2510 ordinem
769 2467 834 2509 non
855 2445 964 2522 refert,
982 2445 1176 2511 Aristoteles
1194 2456 1303 2512 autem
1321 2468 1416 2531 quem

241 2556 440 2640 posteriores
470 2552 531 2617 hac
561 2554 593 2617 in
618 2576 652 2617 re
677 2553 746 2618 fere
783 2554 887 2617 secuti
923 2564 1008 2636 sunt,
1044 2575 1119 2618 eum
1154 2554 1205 2618 his
1230 2553 1416 2640 adscripsit,

243 2662 440 2748 posteriores
457 2659 543 2724 hano
560 2682 629 2732 rem
646 2661 691 2724 ita
715 2670 956 2732 converterunt,
982 2671 1017 2725 ut
1041 2671 1221 2726 statuerent
1244 2683 1264 2724 a
1280 2661 1416 2726 Platone

242 2767 414 2854 Mysonem
450 2791 509 2854 pro
538 2767 717 2832 Periandro
746 2778 873 2854 septem
909 2767 1112 2854 sapientibus
1147 2771 1306 2833 insertum
1342 2791 1418 2833 esse

243 2875 296 2956 (ol.
334 2899 364 2961 p.
391 2875 442 2941 13.
467 2875 534 2959 23).
582 2876 690 2962 Atque
720 2875 828 2940 statim
865 2874 961 2940 huius
994 2879 1040 2940 rei
1077 2899 1178 2941 causa
1201 2878 1333 2941 inventa
1357 2887 1417 2959 est,

243 2980 369 3048 scilicet
392 2982 481 3069 quod
506 2983 685 3064 Periander
716 2981 859 3047 crudelis
891 2993 1052 3068 tyrannus
1076 2983 1204 3048 luisset.
1252 2984 1319 3049 Sed
1343 3006 1417 3049 cum

242 3088 346 3154 semel
369 3090 549 3155 Periander
571 3089 759 3155 Aristotelis
791 3091 983 3156 auctoritate
1011 3093 1045 3156 in
1069 3101 1195 3178 septem
1221 3093 1416 3177 sapientium

242 3219 377 3262 numero
402 3208 491 3262 esset
518 3219 625 3282 neque
656 3197 719 3262 hoc
752 3196 825 3262 loeo
860 3199 1024 3262 removeri
1058 3209 1182 3286 posset,
1218 3199 1417 3285 posteriores

243 3304 327 3369 hanc
350 3303 603 3389 discrepantiam
628 3307 677 3369 sic
701 3303 813 3370 tollere
838 3307 945 3371 eonati
970 3316 1055 3388 sunt,
1088 3315 1124 3370 ut
1156 3315 1337 3370 statuerent
1367 3328 1418 3370 sa·

241 3413 383 3496 piantem
405 3434 470 3476 non
488 3409 730 3477 Corinthiorum
746 3421 922 3498 tyrannum
938 3413 1052 3496 fuisse,
1078 3412 1264 3494 sedaliam,
1290 3415 1418 3500 tyranni

242 3517 351 3583 fratris
384 3517 488 3584 lilium
523 3519 768 3584 Ambraciotam
805 3521 914 3606 (Diog.
940 3520 1047 3585 Laert.
1073 3522 1153 3585 141
1179 3525 1310 3592 Πλάτων
1333 3519 1361 3590 δ’
1387 3525 1418 3589 ὲν

243 3631 433 3719 Πρωταγόρᾳ
472 3632 605 3697 Μύσωνα
652 3632 720 3696 ἀντὶ
760 3633 957 3721 Περιάνδρου.
1017 3627 1119 3693 Olem.
1161 3628 1255 3694 Alex.
1295 3628 1414 3694 Strom.

243 3734 259 3798 I
288 3757 360 3821 oap.
393 3735 433 3799 14
454 3757 492 3820 p.
526 3735 599 3811 129,
626 3735 667 3800 18
697 3735 786 3820 Sylb.
834 3741 964 3806 Πλάτων
998 3742 1034 3804 δὲ
1069 3741 1135 3805 ἀντὶ
1158 3741 1341 3828 Περιάνδρου
1378 3744 1418 3817 ὡς

242 3847 364 3923 ἀναξίου
389 3849 497 3935 σοφίας
518 3849 571 3911 διὰ
593 3850 631 3911 τὸ
655 3852 905 3934 τετυραννηκέναι
928 3849 1187 3913 ἀντικατατάττει
1210 3848 1342 3912 Μύσωνα
1364 3851 1417 3912 τὸν

242 3955 356 4034 Χηνέα.
403 3947 506 4014 Nicol.
531 3949 685 4013 Damaso.
712 3949 773 4034 frg.
799 3950 842 4014 59
867 3949 971 4035 (FHG
996 3949 1152 4036 111393)
1183 3957 1257 4044 φασὶ
1280 3957 1316 4020 δέ
1339 3979 1418 4032 τινες

242 4062 334 4125 αὐτὸν
364 4056 425 4139 (so.
448 4055 678 4142 Periandrum)
713 4064 764 4126 καὶ
790 4070 851 4126 τῶν
880 4061 957 4126 ἑπτὰ
980 4071 1081 4151 σοφῶν
1104 4067 1269 4154 γεγονέναν.
1309 4066 1346 4128 τὸ
1381 4066 1417 4128 δὲ

243 4169 299 4233 οὐκ
325 4166 370 4248 ἦν.
414 4162 511 4228 Diod.
536 4163 639 4244 lxo,
664 4166 684 4228 6
709 4169 740 4233 ὃν
769 4164 827 4248 (sc.
854 4165 1039 4251 Mysonem)
1069 4169 1246 4250 ἀντεισηξαν
1272 4171 1313 4248 εἰς
1347 4175 1418 4247 τσὺς

242 4275 319 4340 ἑπτὰ
342 4279 454 4366 σοφοὺς
476 4277 663 4364 ἐκνιρίναντες
685 4279 738 4340 τὸν
760 4277 943 4364 Περίανδρον
967 4279 1022 4341 τὸν
1045 4277 1207 4363 Κορίνθιον
1229 4279 1282 4342 διὰ
1305 4281 1341 4342 τὸ
1366 4279 1416 4344 τά·

242 4406 346 4470 ραννσν
377 4386 534 4470 γεγονέναι
556 4386 668 4470 πικρόν.
717 4378 878 4445 Plutarch.
905 4379 945 4444 de
970 4386 985 4449 ἐ
1010 4379 1118 4466 delph.
1145 4383 1165 4444 3
1196 4387 1283 4449 οὐδὲν
1314 4386 1417 4462 αὐτοῖς

146 4577 151 4586 ,
249 4489 564 4580 ””Ἶν”οῑ.””άωωω.
586 4519 702 4573 semes
721 4519 837 4573 xxxvi
857 4519 949 4584 neor)
969 4539 996 4590 p.
1016 4520 1069 4573 aas
1088 4521 1151 4574 aas.
1174 4522 1196 4574 1.

332 4609 353 4680 ⁹)
372 4609 478 4664 Busoll.
499 4607 609 4662 Griselr.
630 4609 744 4662 Geseh.'·'
762 4609 776 4662 1
794 4609 847 4662 645
866 4609 930 4664 adn.
950 4611 975 4662 4.
