3522 5310
940 286 983 352 62

373 480 485 546 arbitri
512 483 664 546 arcessiti
693 491 778 562 sunt.
827 480 947 547 Coram
976 482 1027 547 his
1058 485 1198 570 utrIque,
1231 481 1309 569 quid
1342 481 1416 547 olim
1453 504 1546 546 acce·

373 591 514 676 pisscnt,
561 611 670 653 rerum
713 590 890 674 scriptores
929 598 1030 654 testes
1069 588 1246 654 attulerunt
1291 612 1377 656 vers.
1417 589 1460 654 99
1499 610 1547 674 sq.

371 708 422 765 νῦν
455 703 492 765 δὲ
525 704 598 778 τοὺς
627 700 761 787 Σαμίους
796 701 977 766 ἀποστεῖλαι
1010 704 1084 790 πρὸς
1117 703 1172 766 τόν
1205 703 1304 790 δᾶμον
1338 704 1393 766 τὸν
1422 703 1549 766 Ῥοδίων

373 808 591 896 ἐγκαλοῦντας,
625 808 672 872 ότι
706 813 807 896 χώρας
841 831 877 872 τε
909 809 1029 888 πλῆθος
1056 808 1199 898 νέμοιντο
1226 809 1362 896 Πριανεῒς
1394 812 1478 896 παρὰ
1510 810 1547 872 τὸ

371 917 490 981 δίκαιον
511 917 564 980 καί
587 916 723 1003 μάλιστα
745 917 782 980 τὸ
806 915 933 1004 Κάρνον,
959 919 1028 1004 ὑπὲρ
1054 914 1088 980 οὔ
1111 925 1162 981 νῦν
1183 917 1402 1004 διακρίνεσθαι.
1450 915 1491 981 Οἱ
1512 917 1549 981 δέ

372 1024 482 1111 Σάμιοι
508 1025 550 1087 τά
576 1045 612 1086 τε
639 1031 699 1086 τῶν
728 1023 966 1111 ἱστοριογράφων
998 1023 1149 1111 μαρτύρια
1172 1026 1370 1112 ὑφαγίησαντο
1407 1074 1413 1087 .
1452 1073 1458 1086 .
1496 1074 1502 1088 .
1540 1073 1547 1087 .

371 1129 558 1218 κειρυόμενοι
584 1129 739 1207 δεικνύειν,
768 1130 847 1193 διότι
877 1131 915 1194 τὸ
944 1131 1060 1218 Κάριον
1094 1132 1147 1195 καί
1182 1133 1203 1194 ά
1236 1133 1301 1219 περὶ
1334 1139 1428 1196 τοῦτο
1462 1134 1547 1219 χώρα

373 1238 475 1314 αὐτοῖς
498 1236 720 1324 ἐπικλαρωδείη
751 1286 1025 1303 .......
1073 1233 1123 1297 Ac
1149 1231 1248 1297 Samii
1273 1233 1335 1297 sibi
1360 1233 1491 1299 uarium
1517 1241 1549 1297 et

373 1338 561 1426 Dryussam
601 1338 778 1404 obvenisse
817 1337 999 1404 Maeandrii
1041 1342 1232 1406 auctoritate
1270 1342 1429 1418 nituntur,
1474 1362 1548 1405 cum

373 1469 390 1511 e
427 1457 611 1511 ceterorum
648 1447 835 1512 testimonio
866 1445 1015 1532 Phygela
1053 1445 1266 1530 obtinuerint;
1307 1469 1392 1511 vers.
1428 1447 1547 1534 104sq.

371 1562 472 1646 χώραν
499 1561 603 1646 λαχεῖν
632 1557 719 1622 αὐτοὶ
749 1553 811 1636 (to.
838 1551 949 1638 Samii)
974 1559 1088 1644 Κάριον
1115 1561 1167 1624 καὶ
1189 1557 1363 1646 Δροοῦσσαν
1395 1561 1478 1622 κατὰ
1506 1561 1549 1622 τὰ

373 1659 419 1748 [ἐν
448 1673 516 1742 ταῖς
545 1661 811 1754 campanenses
839 1665 1066 1753 Μαιανδρίου
1096 1675 1162 1730 τοῦ
1191 1667 1371 1743 Μιλησίου
1402 1666 1548 1752 ἱστορίαις

371 1776 670 1861 κατακεχωρισμίνα.
721 1769 783 1834 118
801 1790 849 1853 sq.
886 1775 962 1860 ἁμὲς
997 1768 1151 1854 (ludices)
1186 1775 1223 1837 δὲ
1257 1773 1444 1861 θεωροῦντες
1476 1775 1549 1849 τοῦς

371 1882 549 1968 γράψαντας
570 1882 633 1967 τόμ
653 1877 786 1967 πόλεμον
808 1882 871 1968 τόμ
893 1881 1048 1945 Μελιακὸν
1070 1881 1122 1944 καὶ
1143 1884 1201 1945 τὰν
1216 1882 1360 1968 διαίρεσιν
1375 1887 1432 1956 τῦς
1446 1885 1549 1968 χώρας

371 1991 443 2065 τοὺς
475 1989 529 2076 μὲν
560 1985 674 2063 ἄλλους
706 1983 824 2063 τάντάς
859 1990 1011 2076 φαμένους
1045 1989 1080 2051 ἐκ
1112 1995 1170 2064 τάς
1202 1989 1366 2076 διαιρέσιος
1396 1989 1549 2076 λαχόντας

371 2095 506 2183 Σαμίους
529 2093 664 2181 Φόγελα,
693 2095 798 2182 καίτερ
828 2091 919 2172 ὄντας
940 2099 1087 2183 τέσσερας
1115 2097 1167 2183 μὲν
1191 2096 1331 2184 Σαμίους,
1356 2094 1513 2177 Οὐλιάδην
1523 2090 1547 2174 ¹)

372 2203 424 2266 καὶ
449 2198 670 2290 Ὀλύμπιχονῆ
704 2204 756 2266 καὶ
777 2200 881 2288 Δοῦριν
903 2205 955 2266 καί
984 2196 1179 2289 Εὐάγωνα3),
1214 2202 1271 2269 δύο
1305 2205 1342 2267 δὲ
1375 2193 1546 2291 Ἐφεσίους,

372 2308 588 2398 Κρεώφυλονί)
611 2310 664 2373 καὶ
678 2305 849 2390 Εὐάλκηὶ),
877 2310 955 2374 Χῖον
968 2310 1005 2374 δὲ
1023 2307 1213 2396 Θεόπομπον,
1239 2310 1290 2385 οῦς
1305 2312 1421 2386 πάντας
1436 2311 1466 2373 έν
1481 2317 1549 2385 ταῖς

372 2415 519 2503 ἱστορίαις
541 2418 715 2504 εὑρίσκομεν
738 2418 1034 2504 κατακεχωρικότας,
1057 2419 1137 2482 διότι
1158 2416 1268 2505 ἔλαχον
1283 2416 1394 2505 Σάμιοι
1409 2415 1547 2503 Φόγελα,

374 2523 462 2610 μόνον
492 2525 528 2587 δὲ
559 2523 590 2587 ἐν
612 2531 679 2601 ταῖς
709 2524 979 2613 ἐπιγεγραμμέναις
1013 2525 1246 2612 Μαιανδρίου
1274 2532 1339 2589 τοῦ
1369 2525 1547 2605 Μιλησίου

373 2629 519 2718 ἱστορίαις
562 2636 883 2720 κατακεχωρισμένον,
922 2634 1003 2697 διότι
1048 2632 1156 2720 ἔλαχον
1195 2632 1305 2720 Σάμιοι
1343 2631 1459 2719 Κάριον
1496 2631 1549 2695 καὶ

373 2736 559 2825 Δρυοῦσσαν,
599 2735 646 2816 αἱς
682 2740 792 2804 πολλοὶ
829 2749 892 2804 τῶν
930 2743 1128 2829 συγγραφέων
1167 2739 1381 2828 άντιγράφοντι
1420 2739 1549 2827 φάμενοι

374 2840 662 2934 ψίευδε]τιγράφους
692 2843 799 2934 εἴμειν;
825 2865 922 2920 ,νειμ
956 2841 999 2907 53
1034 2846 1151 2935 Κάριυν
1179 2847 1231 2911 καί
1265 2841 1456 2933 Δρυοῦίσσαν
1497 2845 1550 2908 καὶ

374 2947 586 3030 ἐπείδείκνίυον
621 2953 652 3016 ἐν
685 2960 754 3030 ταῖς
786 2949 1031 3041 Μαιανδρίίου
1069 2962 1136 3019 τοῦ
1171 2955 1353 3035 Μιλησίου
1391 2948 1550 3039 ἱστοίρίκις

373 3055 700 3148 κατακε]χωρισ[μένον
733 3062 814 3125 διότι
844 3064 895 3125 καί
922 3056 1048 3138 άίλοιπὰ
1073 3065 1157 3149 χώρα
1184 3063 1205 3124 ά
1230 3061 1346 3137 Μελιὰς
1373 3055 1549 3147 [ἐτικλαρω-

374 3162 454 3247 θείη]
478 3166 581 3242 αὐτοῖς
605 3217 777 3232 ......

464 3267 537 3348 Quo
567 3270 599 3332 in
634 3269 765 3333 decreto
789 3268 971 3335 Maeandrii
995 3269 1114 3334 Milesii
1145 3281 1193 3335 ter
1226 3272 1347 3335 mentio
1372 3271 1408 3334 fit
1430 3270 1547 3356 hisque

373 3374 478 3440 tribus
506 3374 589 3440 locis
612 3376 777 3441 Historiae
807 3378 837 3441 ei
864 3377 1073 3442 vindicantur
1101 3400 1186 3465 quae
1215 3399 1293 3441 sane
1323 3400 1341 3441 e
1373 3376 1546 3442 multorum

375 3485 570 3571 scriptorum
606 3484 766 3549 sententia
801 3486 961 3549 immerito
991 3485 1052 3550 sub
1086 3486 1156 3549 eius
1186 3487 1317 3557 nom'ne
1347 3484 1545 3550 ferebantur.

375 3588 581 3676 Quamquam
611 3590 675 3655 hoc
704 3592 860 3658 iudicium
895 3594 1083 3656 examinare
1118 3615 1183 3656 non
1215 3613 1402 3678 possumus,
1438 3601 1546 3656 umen

375 3695 437 3761 hoe
476 3707 617 3762 statuere
653 3721 717 3763 non
755 3697 832 3763 licet
872 3698 941 3764 solo
976 3699 1176 3764 Rhodiorum
1216 3699 1348 3764 arbitrio
1388 3701 1547 3764 contineri

374 3803 472 3868 fidem
502 3807 550 3869 eis
581 3806 794 3894 scriptoribus
826 3807 1015 3872 habentium
1051 3809 1106 3895 qui
1141 3829 1277 3872 numero
1311 3806 1423 3893 plnres
1459 3805 1546 3871 idem

376 3959 587 3966 -—.--.....-..-..

466 4037 482 4100 ¹)
501 4035 642 4089 Plutarch.
662 4036 775 4090 Aristid.
796 4037 839 4099 23,
859 4036 883 4089 6.

464 4125 485 4192 ’ἱ
504 4123 589 4181 (llam.
608 4125 757 4179 Alexandr.
776 4126 916 4195 Protropt.
935 4145 962 4195 p.
982 4125 1025 4188 13,
1043 4125 1078 4178 53
1098 4125 1173 4196 sylb.

465 4215 485 4278 ³)
503 4213 617 4284 Dionys.
636 4215 724 4268 Halic.
745 4216 779 4268 de
798 4214 962 4286 Thucydide
981 4215 1064 4269 indic.
1083 4216 1101 4268 f>
1120 4217 1184 4280 (vol.
1204 4214 1242 4268 VI
1260 4233 1287 4284 p.
1304 4215 1357 4268 818
1368 4215 1413 4286 It.)
1433 4213 1546 4284 Εὖγίωνς

375 4303 499 4356 Photins.
523 4303 622 4358 fluidae
641 4323 662 4361 s.
682 4322 707 4358 v.
726 4301 804 4372 Νηίς;
832 4304 970 4375 Mainake,
994 4305 1075 4358 Auel.
1096 4304 1243 4358 Alexandr.
1264 4323 1291 4374 p.
1310 4305 1359 4370 61;
1387 4304 1487 4358 Athen.
1507 4305 1548 4358 XI

375 4392 471 4456 508&
490 4392 570 4462 Diog.
592 4393 682 4447 baert.
703 4392 743 4446 llI
762 4395 804 4446 46.

464 4484 483 4546 ⁴)
502 4483 603 4538 Athen.
623 4481 687 4536 VIII
706 4483 770 4546 361;
792 4483 865 4538 FHG
886 4484 924 4536 IV
943 4483 1004 4538 371.

465 4573 485 4638 ¹)
505 4573 607 4626 Athen.
626 4571 697 4625 XIII
715 4572 780 4634 573:
801 4573 874 4626 IIHG
894 4573 933 4627 IV
952 4575 1013 4628 406.
