3442 5324
948 411 991 474 34

446 622 530 689 Nam
560 622 743 690 Minervam
773 620 888 711 καιρὸν
922 622 1096 690 advenisse
1118 622 1212 688 Ulixi
1241 622 1410 689 dicendum
1439 628 1519 705 erat,
1548 623 1574 688 si

357 729 464 811 ipsum
487 729 631 812 vestigia
656 729 865 812 fefellissent,
889 749 954 796 non
977 736 1148 812 postquam
1171 730 1348 796 tentorium
1372 730 1496 812 attigit.

446 837 560 918 Neque
583 836 675 902 aliud
699 843 749 903 est
772 837 901 904 initium
923 837 1161 919 Antigonae,
1187 837 1221 903 in
1237 855 1300 918 quo
1317 837 1485 920 Antigona
1507 837 1575 918 ipsa

357 944 463 1010 sorori
499 943 647 1026 exponit,
683 943 763 1024 quid
796 943 902 1011 Creon
934 946 974 1010 de
1008 943 1166 1028 Polynice
1199 950 1327 1011 mortuo
1363 943 1573 1011 constituerit.

358 1051 559 1134 Antigonam
588 1055 697 1116 autem
721 1051 826 1133 ipsam
850 1051 987 1134 nescire,
1012 1050 1167 1132 quidnam
1193 1069 1313 1118 causae
1335 1053 1498 1133 proferat,
1522 1069 1575 1116 our

356 1159 448 1225 illam
472 1159 535 1224 hnc
558 1157 718 1240 elicuerit,
743 1177 761 1224 e
784 1160 895 1226 verbis
918 1159 971 1224 his
995 1165 1045 1225 est
1068 1158 1287 1242 colligendum
1312 1156 1532 1245 (v.18-19):

901 1281 957 1349 καί
981 1280 1010 1350 π’
1033 1279 1125 1360 ἐκτὸς
1148 1279 1288 1349 αὐλείων
1310 1283 1423 1348 πυλῶν

570 1387 673 1455 τοῦδ’
697 1386 807 1456 εἵνεκ’
831 1387 1069 1474 ἐξέπεμπον,
1093 1387 1143 1467 dg
1165 1387 1262 1478 μόνη
1285 1387 1429 1466 κλύοις.

445 1515 510 1583 Sed
541 1535 618 1581 num
656 1515 711 1582 hic
742 1516 834 1582 locus
862 1515 1003 1586 ,arbitris
1035 1515 1143 1598 magis
1177 1523 1276 1583 vacat
1308 1535 1404 1597 quam
1444 1514 1575 1581 interior

358 1624 497 1689 domus?
536 1622 672 1688 Minime
695 1642 791 1705 vero,
823 1623 1018 1704 praesertim
1043 1642 1115 1688 aum
1137 1622 1242 1690 Creon
1265 1642 1301 1689 se
1324 1623 1387 1689 huc
1411 1629 1574 1690 venturum

358 1750 430 1795 esse
454 1729 577 1796 dixerit
600 1729 644 1816 (v.
661 1728 821 1813 32-33):

342 1873 345 1877 ·
571 1847 688 1934 δεῦρο
712 1850 876 1912 νεῖσθαι
898 1847 1023 1911 ταῦτα
1044 1850 1152 1913 τοῖσι
1175 1843 1225 1934 μὴ
1248 1843 1403 1913 εἰδόσιν

572 1955 677 2040 σαφῆ
700 1949 999 2041 προκηρύξοντα
1023 2004 1031 2020 .
1057 2005 1065 2020 .
1091 2005 1097 2019 .

447 2069 492 2136 Ut
524 2069 628 2152 igitur
659 2074 757 2150 poeta
791 2069 1033 2151 spectatoribus
1065 2071 1263 2152 persuadeat
1294 2087 1452 2151 personas
1483 2071 1576 2134 rebus

359 2175 441 2258 ipsis
464 2176 660 2258 peragendis
688 2177 846 2242 adductas
871 2177 963 2242 domo
988 2177 1160 2259 prodiisse,
1192 2177 1337 2260 abillis,
1362 2177 1417 2243 ubi
1441 2176 1576 2258 primum

358 2283 393 2349 in
417 2302 569 2350 scaenam
592 2289 835 2366 processerunt,
867 2283 994 2364 aliquid
1018 2303 1136 2351 causae
1160 2285 1313 2366 affertur,
1345 2303 1403 2350 cur
1426 2284 1486 2349 hoc
1509 2283 1575 2364 ipso

358 2391 429 2457 loco
454 2396 565 2473 agant.

449 2495 500 2562 Ob
538 2496 673 2562 eandem
713 2514 846 2562 causam
884 2495 1056 2579 Oedipus
1090 2516 1159 2563 rex
1198 2497 1233 2563 in
1271 2515 1423 2564 scaenam
1461 2496 1576 2578 prodit,

359 2622 555 2684 quamquam
577 2603 700 2670 liberos
724 2603 889 2685 supplices
913 2623 985 2669 eum
1013 2604 1103 2670 intra
1126 2603 1252 2686 regiam
1276 2604 1383 2687 ipsam
1406 2603 1499 2668 adire
1521 2621 1578 2684 par

360 2718 448 2792 erat;
481 2712 565 2791 quod
589 2729 661 2776 oum
689 2710 764 2776 fieri
791 2730 856 2776 non
879 2717 1004 2794 posset,
1035 2731 1094 2777 rex
1123 2712 1165 2777 iis
1189 2711 1321 2778 obviam
1344 2711 1373 2776 it
1395 2711 1480 2776 hanc
1503 2709 1578 2775 ade-

359 2837 435 2884 rens
458 2836 590 2883 oausam
614 2816 658 2902 (v.
676 2817 791 2903 6-7):

573 2929 650 3018 ἆγιύ
673 2934 837 2999 δικαιῶν
858 2931 909 3022 μὴ
932 2930 1021 3021 παρ’
1043 2929 1226 3018 ἀγγέλων,
1250 2929 1378 3010 τέκνα,

574 3037 699 3106 ἄλλων
722 3038 880 3107 ἀκούειν
903 3038 1021 3118 αὐτὸς
1043 3029 1107 3107 ὧδ’
1130 3038 1313 3130 ἐλήλυθα.

449 3157 563 3238 Neque
595 3158 662 3224 alio
697 3159 791 3225 modo
822 3157 969 3224 Tiresias
1001 3159 1044 3223 ad
1077 3158 1204 3240 regiam
1237 3157 1380 3239 ducitur,
1420 3156 1476 3237 qui
1511 3154 1577 3237 quis

361 3265 478 3331 Laium
510 3265 716 3331 interfecerit
745 3265 884 3347 aperiat.
931 3265 995 3333 Sed
1018 3265 1076 3333 vix
1107 3284 1203 3346 quam
1236 3266 1276 3331 ob
1306 3283 1375 3330 rem
1406 3263 1577 3330 arcessitus

360 3371 405 3438 sit
428 3372 596 3454 comperit,
621 3390 693 3437 cum
717 3372 881 3438 exclamat
904 3371 948 3458 (v.
966 3371 1180 3458 316-18)1):

573 3499 639 3586 φεῦ
661 3499 736 3585 φεῦ,
760 3501 896 3585 φρονεῖν
919 3493 964 3573 ὠς
987 3493 1095 3562 δεινὸν
1117 3493 1202 3563 ἔνθα
1225 3494 1271 3585 μὴ
1294 3493 1370 3584 τέλη

573 3601 634 3692 λύῃ
658 3607 854 3693 φρονοῦντι·
880 3607 1003 3669 ταῦτα
1025 3600 1096 3692 γὰρ
1119 3604 1245 3680 καλῶς
1268 3599 1339 3688 ἐγὼ

574 3707 689 3787 εἰδὼς
713 3707 881 3778 διώλεσ’·
907 3707 1043 3799 οὐγὰρ
1067 3706 1112 3777 ἂν
1136 3708 1239 3799 δεῦρ’
1262 3707 1411 3799 ἱκόμην.

450 3839 541 3921 Quae
565 3837 734 3904 excusatio
757 3837 842 3902 nihil
866 3836 956 3903 aliud
979 3836 1045 3903 sibi
1065 3835 1137 3903 vult
1159 3837 1226 3902 nisi
1249 3844 1286 3903 ut
1308 3843 1509 3919 spectatores
1531 3835 1577 3900 in-

360 3944 533 4026 tellegant,
569 3963 627 4010 our
659 3943 807 4009 Tiresias
839 3943 1003 4011 voluntati
1034 3943 1124 4025 regis
1159 3945 1333 4010 obsecutus
1364 3943 1423 4026 sit,
1462 3942 1575 4024 quippe

360 4070 455 4131 quem
483 4050 686 4118 divinavisse
714 4070 775 4133 par
803 4057 903 4132 esset,
935 4069 1000 4130 qua
1030 4051 1069 4115 de
1097 4069 1197 4115 causa
1221 4049 1366 4131 Oedipus
1395 4049 1502 4131 ipsum
1527 4065 1576 4112 ar-

361 4157 558 4225 cessivisset.
598 4157 661 4223 Sed
684 4164 721 4223 ut
744 4156 891 4224 Tiresias
914 4177 968 4223 res
992 4157 1068 4222 illas
1094 4156 1302 4223 foedissimas
1323 4155 1449 4238 Oedipo
1473 4171 1575 4220 coram

360 4264 601 4347 spectatoribus
625 4265 779 4347 aperiret,
804 4264 959 4347 Sophocli
975 4263 1142 4346 quaelibet
1157 4283 1257 4330 cansa
1280 4263 1477 4330 invenienda
1500 4265 1573 4338 erat,
1691 4301 1692 4305 =

360 4390 419 4437 cur
442 4371 498 4436 ille
523 4373 565 4436 ad
588 4373 714 4453 regiam
738 4372 875 4439 veniret.

452 4603 471 4672 ¹)
490 4603 532 4660 Cf.
552 4603 866 4671 Schneidewin-Nauck,
886 4603 1009 4672 Sophocl.
1024 4602 1088 4659 Oed.
1103 4603 1134 4658 R.
1155 4601 1217 4657 adn.
1238 4601 1272 4656 ad
1291 4617 1315 4655 v.
1330 4601 1390 4656 317.
