3442 5324
741 418 781 484 19

145 631 250 713 perit;
288 632 400 698 eodem
424 632 549 698 Teucer
576 633 648 716 ipse
678 639 710 699 et
737 634 905 701 Menelaus
933 635 1126 718 adveniunt,
1157 637 1213 717 qui
1237 635 1371 703 Aiacem

144 739 254 820 ipsum
282 758 317 804 se
347 739 555 805 interfecisse
592 739 692 806 fando
721 741 918 808 audiverunt
953 741 996 828 (v.
1014 743 1191 829 998-99).
1246 744 1372 828 Quibus

142 849 243 911 rebus
274 847 357 912 satis
388 846 515 913 elucere
547 847 628 913 mihi
660 847 792 914 videtur
826 867 1047 930 quaecumque
1078 850 1140 916 bae
1170 851 1285 917 fabule
1315 870 1372 933 ge-

142 959 263 1020 runtur
286 954 397 1020 eodem
421 953 473 1020 die
497 955 623 1037 peragi.

236 1063 343 1142 Atque
368 1061 467 1126 etiam
492 1059 693 1145 Antigona
717 1062 832 1130 fabula
856 1063 986 1129 initium
1003 1065 1094 1146 capit
1117 1084 1137 1130 a
1160 1064 1267 1148 prima
1283 1065 1370 1148 luee;

144 1169 315 1251 Antigona
346 1169 432 1234 enim
463 1188 533 1235 cum
563 1188 675 1236 sorore
705 1173 787 1236 bene
817 1189 911 1236 mane
943 1171 998 1257 (el.
1016 1192 1046 1237 v.
1066 1171 1130 1238 249
1139 1171 1200 1258 sq.)
1232 1191 1249 1237 e
1278 1172 1372 1255 regia

141 1275 303 1358 procedit,
329 1294 401 1342 cum
425 1295 524 1359 aegre
550 1277 651 1359 serat,
684 1278 770 1358 quod
793 1278 897 1346 Creon
925 1284 1000 1360 post
1023 1279 1149 1345 abitum
1179 1285 1369 1346 nocturnum

140 1383 286 1449 hostium
310 1382 500 1468 Polynicem
524 1384 659 1466 sepeliri
682 1385 825 1452 vetuerit
848 1384 892 1471 (v.
913 1384 976 1471 16).
1024 1385 1116 1469 Quae
1139 1393 1311 1469 postquam
1336 1406 1371 1452 se

141 1491 252 1572 ipsam
276 1489 467 1557 effecturam
492 1510 562 1558 esse
585 1491 688 1574 vovit,
713 1499 750 1558 nt
773 1491 830 1558 ille
853 1493 1052 1574 humaretur,
1082 1493 1161 1559 abit.
1209 1493 1274 1560 Sed
1296 1495 1371 1561 dum

141 1597 327 1664 meridiano
359 1603 504 1680 tempore
534 1598 706 1664 consilinm
738 1599 820 1664 illud
849 1599 991 1682 perlicit,
1031 1599 1297 1686 comprehensa¹)
1329 1603 1370 1667 ad

142 1705 317 1772 Creontem
341 1706 494 1788 trahitur,
515 1706 572 1786 qui
596 1726 667 1772 eam
691 1708 733 1772 ad
756 1713 893 1773 mortem
914 1708 989 1773 duci
1014 1708 1112 1773 iubet.
1149 1707 1213 1774 Sed
1229 1708 1287 1774 vix
1310 1708 1371 1774 illa

141 1815 287 1879 abducta
320 1818 383 1894 est,
421 1833 494 1879 cum
518 1813 666 1880 Tiresias
690 1815 847 1896 accurrit,
885 1815 940 1895 qui
965 1815 1097 1882 Creonti
1128 1815 1249 1881 malum
1274 1833 1370 1896 quam

140 1920 322 1986 maximum
366 1916 534 1986 imminere
573 1920 789 2004 vaticinatur,
831 1922 896 1988 nisi
935 1923 1024 1988 vitae
1063 1922 1204 2004 virginis
1243 1928 1369 2004 parcat.

140 2028 272 2111 Quibus
287 2029 398 2094 verbis
414 2028 521 2095 victus
545 2029 598 2094 bic
622 2048 742 2095 scaena
758 2029 895 2111 decedit,
920 2034 957 2095 ut
974 2029 1173 2112 Antigonam
1197 2049 1214 2094 e
1238 2048 1370 2096 carcere

140 2134 308 2217 dimittat;
340 2135 438 2218 paulo
459 2141 535 2218 post
559 2142 667 2202 autem
683 2136 862 2204 revertitur
885 2156 957 2202 cum
974 2137 1165 2219 corporibus
1182 2137 1369 2218 Antigonae

141 2249 177 2307 et
200 2242 381 2308 Haemonis
405 2243 478 2308 filii.
525 2243 633 2324 Atque
661 2251 834 2326 postquam
857 2244 962 2310 Creon
987 2244 1086 2310 etiam
1109 2243 1310 2328 Eurydicam
1335 2264 1369 2309 se

140 2349 316 2416 necavisse
339 2349 507 2432 comperit,
532 2351 697 2416 exclamat
720 2351 763 2436 (v.
784 2352 869 2418 1328
882 2351 960 2436 sq.):

415 2467 474 2532 ίτω
498 2467 569 2544 ίτω,

413 2570 549 2662 φανήτω
572 2571 684 2662 μόρων
708 2572 725 2640 ὁ
748 2571 893 2641 κάλλιστ’
909 2572 996 2658 ἐμῶν

413 2679 487 2764 ἐμοὶ
510 2680 648 2769 τερμίαν
671 2677 757 2766 ἄγων
780 2679 907 2770 ἁμέραν

411 2785 557 2864 ὕπατος·
582 2791 641 2855 ίτω
665 2789 736 2864 ἰ’τω,

413 2892 518 2972 ὅπως
541 2893 672 2984 μηκέτ’
696 2888 801 2984 ἆμαρ
830 2893 909 2962 ἄλλ’
933 2895 1080 2964 εἰσίδω.

238 3013 337 3079 Cuius
362 3011 495 3079 fabulae
512 3014 622 3080 verbis
646 3014 730 3095 ipsis
746 3033 941 3096 quamquam
964 3033 1028 3079 non
1053 3021 1119 3079 tam
1144 3020 1256 3096 aperte
1273 3033 1369 3094 quam

144 3120 263 3186 Aiacis
287 3120 429 3202 spatium
453 3121 550 3186 unius
566 3120 633 3186 diei
657 3122 828 3188 observari
844 3120 1062 3203 cognoscitur,
1088 3126 1196 3186 tamen
1220 3120 1370 3202 singulae

140 3247 197 3294 res
227 3234 343 3310 gestae
365 3233 434 3293 tam
457 3235 528 3293 arte
552 3229 639 3293 inter
662 3247 697 3294 se
727 3229 921 3294 coniunctae
945 3234 1034 3309 sunt,
1066 3233 1103 3292 ut
1130 3227 1276 3294 dubitari
1306 3246 1371 3293 non
1398 3297 1402 3304 ,

142 3341 244 3416 queat
268 3334 347 3415 quin
370 3334 457 3400 ectio
482 3354 545 3415 quo
569 3335 622 3400 die
646 3335 691 3401 sit
713 3341 839 3418 coepta,
865 3335 977 3400 eodem
1001 3333 1143 3399 liniatur.

234 3441 346 3522 Neque
381 3441 451 3507 alia
489 3447 539 3508 est
575 3461 629 3507 res
667 3443 703 3507 in
736 3441 976 3507 Trachiniis.
1027 3441 1139 3506 Prima
1177 3441 1263 3505 enim
1298 3440 1370 3506 luce

142 3549 307 3615 Deianira
336 3549 429 3614 domo
459 3549 579 3614 relicta
609 3550 793 3616 absentiam
820 3549 976 3615 Herculis
1006 3548 1193 3614 diuturnam
1223 3548 1372 3628 queritur

143 3657 187 3743 (v.
208 3655 389 3741 ild—lb:

359 3759 437 3830 ὥστ’
459 3760 578 3840 ἐνδεῶς
601 3760 764 3830 εὕδουσαν
788 3761 932 3850 ἐκπηδᾶν
957 3759 1015 3845 ἐμὲ

360 3867 465 3958 φόβῳ,
489 3869 596 3959 φίλαι,
620 3873 819 3960 rapendune,
843 3871 874 3935 εί
895 3893 937 3953 με
962 3865 1024 3958 χρὴ
1047 3866 1157 3952 με’νειν

358 3974 492 4042 πάντων
516 3974 654 4065 ἀρίστου
678 3974 789 4066 φωτὸς
813 3974 1039 4066 ἐστερημένην.

235 4094 344 4173 Atque
359 4100 532 4175 postquam
547 4093 668 4178 Hyllus
685 4093 740 4174 qui
764 4099 800 4160 ut
814 4099 942 4176 patrem
958 4093 1129 4158 reduceret
1151 4092 1186 4156 in
1202 4091 1370 4157 Euboeam

143 4200 265 4267 missus
289 4205 370 4282 erat,
394 4200 504 4283 rediit,
530 4201 647 4267 chorus
670 4201 752 4267 baec
777 4201 860 4267 lacit
883 4202 985 4266 verba
1010 4198 1053 4286 (v.
1072 4197 1253 4283 731-33):

359 4310 453 4392 σιγᾶν
476 4303 517 4372 ἂν
539 4304 680 4396 ἁρμόζοι
704 4330 741 4375 οε
763 4303 821 4373 τδν
844 4305 947 4372 πλείω
971 4303 1076 4390 λόγον,

237 4533 257 4601 ¹)
277 4547 302 4586 v.
316 4531 454 4586 415-16:
474 4529 579 4603 χρόνον
599 4527 658 4585 τάδ’
691 4518 725 4600 ἦν
743 4529 884 4598 τοσοῦτον,
904 4527 967 4585 ἔστ’
989 4532 1024 4584 ἐν
1044 4535 1155 4599 αἰθέρι

474 4629 564 4694 μέσῳ
584 4627 724 4690 κατέστη
742 4619 895 4694 λαμπρὸς
914 4617 1010 4689 ἡλίου
1029 4619 1155 4681 κύκλος,

1233 4726 1264 4778 2*
