3442 5324
869 513 1080 523 ..η-...-

362 643 413 702 est
443 635 550 718 illum,
584 636 774 718 priusquam
806 642 944 704 mortem
973 639 1083 720 obeat,
1120 657 1185 704 non
1213 639 1395 722 complures
1429 639 1499 706 dies
1528 642 1582 707 sed

362 763 460 810 unum
484 749 610 810 tautum
633 743 669 810 in
692 743 751 810 illo
775 745 912 812 versari.
1282 755 1283 758 ’

450 957 611 1043 Quoniam
635 957 740 1040 legem
768 957 861 1024 illam
885 958 1132 1026 Aristotelicum
1156 959 1256 1025 etiam
1284 961 1372 1043 apud
1394 961 1582 1044 Sophoclem

362 1066 475 1132 velere
491 1064 723 1148 intelleximus
749 1064 994 1146 disquirendum
1011 1071 1070 1148 est,
1095 1085 1207 1147 quam
1222 1075 1338 1150 poeta
1359 1068 1582 1136 adhibuerit

362 1179 499 1254 artem,
525 1179 566 1238 ut
588 1171 777 1255 temporis
802 1172 994 1240 unitatem
1018 1176 1260 1242 observaret.

451 1280 629 1363 deprimo
657 1280 729 1346 loco
759 1280 1000 1346 consideremus
1024 1280 1196 1363 Sophoclis
1224 1301 1397 1365 personas,
1428 1290 1465 1349 ut
1495 1303 1583 1366 spec·
1704 1277 1705 1322 ³

362 1394 486 1454 totores
503 1387 665 1468 colloquio
690 1386 762 1469 ipso
780 1387 934 1467 quidnam
951 1388 1027 1454 huic
1043 1388 1109 1453 diei
1127 1389 1350 1472 antecesserit,
1373 1392 1582 1473 comperiant
1704 1371 1705 1408 r

362 1514 520 1576 quaeres
548 1494 614 1560 iam
642 1494 768 1576 pridem
792 1495 959 1576 perlectas
988 1513 1059 1561 esse
1083 1495 1136 1562 vel
1160 1503 1291 1562 constat
1314 1496 1367 1563 vel
1395 1497 1583 1564 existiman·
1704 1523 1705 1528 ¹

361 1603 436 1668 dum
460 1609 524 1686 est,
553 1620 609 1667 eas
638 1603 777 1668 hoodie
807 1621 980 1685 peragere,
1010 1601 1148 1685 proinde
1171 1622 1211 1668 ac
1238 1604 1269 1669 si
1294 1609 1393 1671 antea
1422 1624 1581 1686 uunquam

363 1710 403 1774 de
426 1708 495 1775 illis
520 1709 701 1776 collocutae
724 1709 800 1776 sint.

325 1888 328 1892 ,
451 1815 552 1882 Initio
584 1815 670 1882 enim
701 1816 1002 1884 Trachiniarum
1034 1817 1196 1883 Deianira
1225 1837 1298 1884 cum
1334 1819 1457 1885 ancilla
1487 1820 1583 1886 collo·

363 1929 439 1989 outa
454 1928 632 2005 enumerat,
658 1942 741 2003 quae
764 1924 853 1990 mala
875 1942 976 2004 usque
1001 1925 1043 1990 ad
1067 1925 1160 1991 illum
1177 1925 1262 1991 diem
1286 1943 1387 2008 passa
1408 1927 1470 1993 sit:
1502 1927 1583 1994 Her-

363 2030 467 2097 culem
484 2049 564 2111 quos
588 2030 640 2096 illi
656 2031 839 2113 peperisset
855 2031 987 2114 liberos,
1012 2039 1186 2114 postquam
1201 2033 1273 2098 nati
1297 2040 1415 2116 essent,
1440 2054 1506 2099 non
1520 2034 1583 2100 iam

363 2136 498 2220 vidisse,
523 2156 596 2203 cum
620 2138 725 2204 altero
749 2137 803 2203 dic
825 2139 953 2204 domum
976 2157 1137 2220 reversus,
1163 2139 1268 2206 altero
1293 2141 1335 2205 ad
1359 2159 1461 2207 novos
1484 2141 1583 2208 susci-

363 2244 500 2327 piendos
530 2243 662 2311 labores
689 2244 858 2328 profectus
890 2253 985 2312 esset.
1032 2246 1097 2312 Sed
1124 2252 1200 2313 sunt
1227 2247 1307 2313 illae
1330 2264 1411 2327 quas
1442 2247 1584 2331 explicat

362 2370 417 2416 res
441 2350 509 2418 eius
532 2351 633 2434 modi,
664 2369 745 2432 quas
769 2370 867 2418 serve
890 2353 1022 2419 novisse
1046 2353 1209 2436 debuerit,
1235 2355 1355 2436 quippe
1379 2373 1476 2435 quam
1500 2355 1583 2420 haud

362 2477 439 2524 raro
460 2458 653 2524 Deianiram
676 2459 832 2526 lacrimas
855 2459 1044 2526 fundentem
1068 2460 1192 2526 vidisse
1216 2481 1257 2527 ex
1279 2461 1331 2527 his
1347 2461 1459 2529 verbis
1482 2463 1583 2544 ipsius

364 2565 492 2632 eluceat
515 2564 558 2652 (v.
576 2565 736 2653 49-51):

577 2671 737 2740 δέσποινα
759 2671 937 2762 Δῃάνειρα,
961 2671 1068 2772 πολλᾷ
1091 2671 1152 2758 μέν
1176 2671 1205 2741 o‘
1228 2671 1289 2759 ἐγὼ

577 2783 728 2847 κατεῖδον
752 2777 813 2870 ἤδη
837 2778 1039 2869 πανδάκρυτ’
1063 2778 1236 2870 ὀδύρματα

576 2885 635 2977 τὴν
657 2886 851 2976 Ἡράκλειον
874 2885 987 2973 ἔξοδον
1010 2886 1186 2978 ναιομένην.

452 3005 561 3084 Atque
592 3005 691 3071 etiam
720 3006 819 3072 choro
848 3007 965 3086 quibus
996 3006 1164 3073 doloribus
1187 3006 1349 3073 Deianira
1381 3008 1503 3074 affecta
1532 3008 1581 3089 sit,

363 3117 562 3195 compertum
586 3131 658 3179 esse
682 3132 723 3178 ex
749 3112 802 3178 his
822 3113 973 3180 versibus
996 3113 1220 3195 cognoscitur:
1250 3133 1280 3179 v.
1308 3114 1371 3180 105
1383 3133 1443 3196 sq,
1463 3116 1526 3180 175
1538 3134 1581 3195 sq.

453 3217 658 3300 Oolloquium
689 3219 793 3302 igitur
822 3219 905 3285 illud
936 3218 1020 3285 nihil
1050 3219 1141 3285 aliud
1172 3219 1237 3286 sibi
1267 3220 1351 3287 velle
1380 3220 1583 3304 perspicuum
1704 3199 1705 3230 ³

364 3331 427 3408 est,
458 3325 525 3392 nisi
554 3334 591 3392 ut
621 3332 823 3409 spectatores
855 3326 1011 3393 certiores
1047 3326 1131 3392 fiant
1160 3327 1199 3393 de
1227 3327 1270 3393 iis
1306 3345 1389 3408 quae
1419 3347 1492 3394 cum
1528 3328 1583 3394 illo

363 3433 505 3499 actionis
535 3433 589 3499 die
612 3433 726 3516 priora
749 3433 829 3516 sint,
861 3433 934 3516 ipsa
964 3434 999 3499 in
1029 3452 1150 3500 scaena
1178 3434 1294 3517 peragi
1322 3453 1385 3500 non
1415 3434 1543 3518 possint
1552 3434 1582 3520 ¹).

363 3541 477 3620 Neque
507 3540 606 3607 aliter
636 3546 712 3607 sunt
742 3540 983 3623 intellegendae
1014 3560 1068 3608 res
1099 3560 1183 3622 qnae
1215 3541 1277 3607 hoc
1306 3542 1505 3622 colloquium
1537 3561 1582 3607 se-

364 3653 516 3728 quuntur.
556 3647 697 3714 Famula
721 3647 806 3715 enim
830 3649 987 3714 suadente
1011 3668 1083 3714 cum
1106 3648 1268 3715 Deianira
1288 3649 1424 3732 Hyllum
1449 3657 1528 3732 oret,
1551 3654 1583 3714 ut

365 3754 498 3820 ubinam
522 3761 685 3822 terrarum
708 3761 804 3838 pater
823 3761 973 3823 versetur
997 3755 1185 3840 investiget,
1210 3756 1268 3823 ille
1290 3757 1468 3839 respondet
1490 3757 1580 3822 haec:

498 3893 528 3938 v.
547 3872 604 3937 67:
637 3867 708 3936 ἀλλ’
732 3864 818 3950 οἶδα,
842 3868 968 3955 μύθοις
990 3873 1022 3938 εἲ
1043 3897 1076 3938 τι
1099 3869 1268 3939 πιστεύειν
1291 3868 1404 3961 χρεών.

408 3999 438 4046 v.
457 3978 601 4045 69-70:
632 3976 690 4044 τὸν
712 3977 773 4063 μὲν
796 3976 997 4068 παρελθόντ’
1021 3975 1140 4068 ἄροτον
1164 3977 1198 4045 ἐν
1220 3976 1317 4069 μήκει
1339 3976 1459 4068 χρόνου

633 4087 731 4175 Λυδῇ
754 4085 882 4172 γυναικί
905 4085 991 4176 φασί
1014 4111 1065 4153 νιν
1088 4083 1204 4174 λάτριν
1227 4091 1351 4154 πονεῖν.

455 4263 474 4334 ¹)
493 4265 525 4321 G.
540 4264 639 4320 Keibel
665 4263 820 4334 (Sophocleo
840 4263 952 4319 Electra
970 4281 995 4334 p.
1009 4265 1054 4334 65)
1080 4264 1131 4318 ille
1156 4264 1189 4319 dc
1212 4266 1320 4320 ratione
1343 4266 1495 4320 rectissime
1519 4263 1579 4317 haec

365 4355 448 4409 dicit:
474 4353 593 4425 „Daiara
613 4355 661 4409 bot
682 4354 735 4423 sato
758 4355 803 4408 ibr
821 4354 968 4423 Australem
992 4354 1087 4410 λαιπα
1110 4353 1228 4409 anderen
1248 4353 1358 4420 Granni,
1385 4354 1428 4409 ola
1451 4353 1513 4408 dces
1532 4352 1578 4406 doe

365 4441 449 4498 Stitclr
471 4445 591 4515 depluat,
610 4445 664 4513 foto
686 4445 744 4498 ibrc
764 4445 925 4514 Erzdblnop
948 4445 1043 4498 λα’-ναι
1066 4443 1197 4510 cadmea,
1221 4445 1264 4498 ola
1287 4445 1352 4498 does
1370 4443 1422 4498 dcc
1441 4441 1577 4498 Pallidum

364 4534 539 4590 αολαιὲολλιλ
563 4536 622 4589 ocior
648 4534 731 4588 soill“.
767 4535 830 4603 Cui,
859 4541 892 4588 ut
920 4535 985 4589 mihi
1013 4535 1120 4602 quidem
1148 4535 1271 4602 videtur,
1301 4535 1404 4588 iniuria
1432 4533 1575 4599 obloquitur

364 4622 413 4678 rh.
425 4623 559 4679 Zielinski
578 4623 686 4694 (Philol.
706 4625 740 4678 bd
759 4640 784 4692 p.
799 4625 849 4679 521
862 4624 920 4694 sq).
