3442 5324
947 415 966 477 ἓ

343 626 447 691 multa
475 625 570 692 nobis
594 632 821 707 occurrerunt,
851 647 933 707 quae
958 628 1097 692 doceant
1130 623 1265 711 auser)
1295 626 1334 690 de
1365 625 1566 707 pbilosophis

346 733 538 798 christianis
568 734 697 798 illorum
727 740 907 816 temporum
937 735 1057 799 dictum
1083 735 1190 800 videri
1214 735 1377 814 quadrare
1406 733 1503 797 etiam
1531 733 1566 797 in

345 841 489 905 Aeneam
514 839 557 924 (p.
576 839 626 926 3):
666 837 707 907 Οἱ
730 841 991 929 φιλοσοφοῦντες
1014 841 1198 928 χριστιανοὶ
1222 843 1280 928 τῆς
1304 839 1426 927 ἐποχῆς
1448 837 1568 925 ταύτης

344 945 440 1012 οὐδὲν
463 949 550 1012 ἴδιον
578 944 799 1034 παράγουσιν,
830 944 913 1012 ἀλλὰ
943 949 1067 1014 κολοιοὶ
1091 945 1278 1036 α’λλοτριόις
1308 951 1444 1034 πτεροῖς
1471 943 1569 1030 dyal-

344 1051 476 1136 λίιμενοι
502 1052 743 1120 ἷδιοποιοῦνται
768 1052 926 1144 ἀλλότρια
950 1053 1107 1139 δόγματα.

433 1164 549 1242 itaque
587 1162 688 1228 liceat
725 1163 806 1228 mibi
847 1183 931 1229 nunc
969 1165 1206 1245 demonstrare,
1246 1164 1405 1243 quomodo
1441 1163 1570 1227 Aeneas

343 1270 539 1350 sapientiam
576 1269 715 1334 aliorum
751 1271 936 1336 traduxerit
975 1271 1009 1336 in
1044 1290 1136 1337 suum
1171 1270 1348 1352 dialogum.
1409 1268 1570 1351 Incipiam

344 1384 451 1442 autern
483 1397 503 1442 a
537 1377 717 1459 Platone,
754 1379 823 1458 qui,
860 1398 931 1443 cum
965 1378 1160 1444 veterrimus
1194 1383 1227 1444 et
1261 1377 1492 1442 celeberrimus
1526 1377 1571 1440 sit

344 1485 484 1550 omniurn
518 1484 729 1567 scriptorum,
770 1486 887 1565 quibus
921 1486 1050 1551 Aeneas
1084 1504 1160 1550 usus
1192 1485 1250 1566 sit,
1291 1491 1358 1550 tum
1394 1483 1570 1566 plurimum

343 1592 483 1658 contulit
516 1598 548 1657 et
578 1593 620 1656 ad
651 1593 922 1674 compositionem
951 1593 1052 1657 totius
1081 1591 1206 1674 dialogi
1241 1598 1273 1656 et
1303 1593 1345 1656 ad
1375 1609 1467 1656 usum
1496 1609 1571 1655 rer-

343 1701 458 1763 borum
488 1718 653 1781 genusque
685 1699 815 1764 dicendi
854 1706 886 1764 et
913 1701 956 1764 ad
987 1699 1168 1764 doctrinam
1200 1699 1315 1781 ipsam.
1375 1698 1466 1781 Quae
1497 1717 1571 1763 cum

345 1805 393 1870 ita
423 1805 504 1887 sint,
538 1806 778 1871 consideremus
807 1806 961 1888 primum,
994 1808 1152 1886 quomodo
1177 1809 1306 1872 Aeneas
1336 1806 1506 1871 Platonem
1537 1805 1572 1869 in

343 1895 580 1993 compositione
609 1914 717 1994 operis
746 1913 797 1978 sui
823 1914 970 1979 imitatus
1003 1913 1056 1979 sit.
1104 1913 1336 1978 Praetermitto
1367 1915 1431 1978 iarn
1463 1913 1571 1994 ipsam

344 2019 469 2100 dialogi
489 2021 636 2101 formam,
662 2039 754 2101 quae,
780 2040 975 2100 quamquam
992 2041 1012 2086 a
1027 2021 1166 2086 Platone
1190 2039 1316 2085 summa
1332 2027 1403 2086 arte
1428 2021 1571 2101 exculta,

344 2133 453 2191 tamen
476 2126 632 2191 usitatior
654 2127 723 2192 illis
747 2127 948 2209 temporibus
975 2128 1047 2209 fuit,
1075 2147 1170 2207 quam
1195 2135 1231 2192 ut
1254 2147 1294 2192 ex
1319 2147 1359 2192 ea
1382 2127 1454 2209 ipsa
1478 2127 1571 2191 effici

344 2234 450 2314 possit
483 2234 625 2299 Aeneam
660 2235 821 2300 imitatum
863 2255 934 2300 esse
968 2236 1147 2301 Platonem.
1205 2236 1269 2302 Sed
1301 2235 1460 2317 graviora
1493 2254 1572 2315 pro-

345 2341 499 2436 feramus.

434 2448 504 2513 Iam
550 2449 680 2513 initium
720 2449 846 2531 dialogi
892 2450 1044 2532 congruit
1089 2470 1161 2515 cum
1199 2450 1347 2516 Platone.
1410 2451 1494 2516 Nam
1537 2455 1573 2515 ut

345 2557 483 2620 Phaedr.
509 2556 612 2620 227Α
637 2557 789 2622 Socrates
815 2557 999 2638 interrogat
1024 2548 1063 2621 Ὦ
1083 2557 1161 2644 φίλε
1185 2559 1320 2643 Φαῖδρε,
1344 2561 1413 2622 ποῖ
1436 2554 1481 2644 dr}
1505 2557 1569 2623 καὶ

345 2659 489 2738 πείθεις
534 2671 567 2728 et
599 2664 653 2727 hic
688 2666 862 2744 respondet
901 2663 1015 2752 Παρὰ
1051 2664 1197 2738 Λυσίου,
1233 2655 1260 2728 οἶ
1289 2661 1474 2751 Σώκρατες,
1513 2667 1573 2730 ταιῖ

345 2767 514 2856 Κεφάλου,
538 2767 722 2857 πορεύομαι
741 2769 775 2835 di
801 2769 900 2857 πρὸς
923 2771 1107 2858 περίπατον
1132 2769 1194 2855 ἕξοι
1211 2771 1350 2852 τείχους,
1375 2773 1423 2838 ita
1440 2773 1573 2838 Aeneae

345 2877 496 2956 dialogus
527 2877 646 2957 incipit
674 2897 694 2941 a
724 2879 834 2943 verbis
869 2883 948 2943 Ποῖ
982 2876 1027 2966 δὴ
1062 2879 1126 2944 καὶ
1161 2876 1301 2959 πόθεν,
1340 2875 1500 2961 Εὐξίθεος
1532 2917 1572 2926 -

345 2979 459 3066 Παρὰ
489 2985 554 3045 ταῖν
577 2979 692 3069 Σιίροιν
720 2980 818 3069 πρὸςΙ
841 2981 1053 3070 Ἀθηναίους,
1085 2977 1111 3048 oi
1134 2987 1284 3068 Αἴγυπτε
1296 2985 1332 3069 ²).
1379 2987 1457 3052 Mox
1487 2986 1572 3052 illud

346 3089 395 3154 σοι
426 3085 564 3176 πάρειμι
601 3086 658 3154 τὸν
690 3091 823 3166 Νεῖλον,
855 3088 893 3156 οὐ
921 3090 977 3155 τὸν
1006 3089 1162 3157 Ἰλισσὸν
1193 3089 1362 3174 θεώμενος
1385 3092 1465 3177 (Lo)
1496 3113 1573 3174 per-

344 3195 428 3260 tinet
458 3198 500 3260 ad
531 3195 682 3261 Platonis
714 3197 912 3279 Phaedrum,
947 3219 1021 3263 nam
1053 3199 1206 3264 Socrates
1236 3199 1376 3264 amicum
1410 3200 1499 3265 ducit
1531 3201 1572 3266 ad

344 3303 476 3367 Ilissum
524 3305 638 3368 229A
679 3300 772 3392 δεῦρ’
797 3302 1033 3391 ἐκτραπόμενοι
1070 3302 1153 3370 κατὰ
1191 3303 1246 3371 τὸν
1283 3303 1419 3372 Ἰλισὸν
1457 3309 1571 3391 ἴοιμεν.

344 3410 557 3475 Memorabile
590 3419 698 3475 autern
732 3419 782 3476 est
815 3413 958 3478 Aeneam
993 3433 1056 3478 non
1088 3433 1186 3478 unum
1219 3413 1385 3497 dialogum
1418 3415 1572 3481 Platonis

345 3516 506 3581 imitatum
543 3537 628 3599 esse,
665 3520 722 3584 sed
758 3539 774 3584 e
808 3521 1029 3601 compluribus
1065 3521 1225 3586 elementa
1259 3522 1433 3604 collegisse
1470 3529 1503 3588 ct
1538 3525 1571 3588 in

345 3643 440 3688 unum
471 3625 688 3690 coniunxisse.
736 3627 852 3706 ltaque
884 3628 981 3708 paulo
1010 3635 1085 3710 post
1115 3629 1149 3693 in
1173 3629 1360 3694 memoriam
1386 3631 1451 3695 sibi
1474 3650 1571 3698 revo-

344 3749 422 3795 cans
450 3731 619 3796 Platonem
651 3733 803 3798 inducere
832 3734 998 3800 Socratem
1030 3738 1072 3800 ab
1096 3736 1299 3817 Hippocrate
1327 3738 1498 3803 deductum
1530 3741 1571 3804 ad

345 3839 570 3920 Protagoram,
595 3841 706 3904 statim
733 3841 930 3906 Euxitbeum
958 3842 1041 3907 facit
1063 3845 1105 3907 ab
1128 3843 1293 3926 Aegyptio
1317 3845 1504 3926 delegatum
1530 3848 1571 3912 ad

318 3946 614 4038 ¹Theophrastum.
678 3949 777 4030 Quem
815 3949 1019 4028 Protagorae
1055 3950 1158 4015 locum
1196 3953 1339 4015 Aeneam
1379 3972 1496 4018 revera
1538 3955 1571 4018 in

344 4058 450 4116 mente.
474 4053 629 4117 babuisse
653 4053 736 4118 satis
765 4055 873 4135 palmn
898 4055 936 4119 fit.
960 4076 976 4120 e
1001 4056 1218 4122 similitudine
1242 4075 1325 4138 quae
1350 4065 1460 4125 exstat
1483 4060 1573 4126 inter

436 4248 453 4314 ¹)
479 4254 554 4318 Τρεῖς
570 4253 689 4314 Γαζαῖοι,
709 4254 845 4320 συμβολαί
866 4257 903 4310 είς
922 4249 970 4320 τὴν
984 4256 1107 4322 ἱστορίαν
1126 4251 1171 4319 τῆς
1189 4257 1356 4324 φιλοσοφίας
1375 4253 1429 4308 τιῦν
1444 4261 1571 4318 Γαζαίων

345 4333 398 4390 ὑπὸ
425 4343 624 4408 Λημοσθένους
647 4336 786 4393 ’ίόύσσοα
835 4340 904 4395 [lise.
933 4343 1026 4410 inaug.
1057 4343 1126 4408 Lips.
1159 4342 1231 4395 1893.
1276 4350 1388 4404 Αίνείας
1412 4343 1426 4398 ὁ
1455 4351 1571 4407 Γαζαΐος

342 4443 367 4492 p.
391 4427 483 4481 1—43.

434 4516 453 4576 o
475 4516 608 4568 snnnnn·
632 4517 703 4581 tyn
724 4519 811 4570 roan
840 4519 884 4570 sea
913 4535 965 4572 nnn
992 4521 1018 4572 n
1044 4521 1123 4572 initio
1150 4520 1252 4588 orange
1275 4509 1308 4575 ἰι
1332 4521 1481 4592 ratapant,
1505 4525 1570 4592 ομ,

343 4610 392 4656 ποῖ
403 4601 432 4671 dr)
449 4603 558 4672 πορεύει
579 4611 621 4658 καὶ
638 4605 744 4669 adirem·
761 4605 806 4667 ’ίίξ
823 4605 990 4678 Ἀκαδημίας,
1013 4597 1045 4675 ἦν
1063 4609 1090 4661 d'
1106 4608 1169 4679 ἐγώ,
1183 4610 1335 4682 πορεύομαι
1352 4611 1422 4666 εὐθὺ
1436 4619 1567 4666 Λυκείου.
