3452 5316
859 379 988 478 „di
1056 473 1064 478 .

348 603 487 677 gentem.
535 596 643 660 Mutat
673 594 726 659 hio
753 597 880 660 Aeneas
911 595 953 660 ad
983 614 1076 660 suum
1107 614 1199 660 usum
1231 594 1412 660 doctrinam
1438 594 1573 676 Plotini,

348 703 404 782 qui
438 721 629 784 persuasum
654 701 778 766 habens
809 703 937 767 animas
964 702 1109 784 migrare
1140 722 1182 766 ex
1210 701 1287 767 aliis
1317 702 1509 783 corporibus
1541 701 1575 766 in

348 809 416 874 alia
440 810 584 875 ostendit
606 810 710 888 deum,
736 809 792 888 qui
816 809 926 874 omnia
942 809 1037 890 soiat,
1063 809 1245 890 praeterita
1261 828 1324 874 non
1346 809 1452 874 minus
1477 829 1573 888 quain

349 918 470 997 futura,
497 925 623 982 mutare
648 916 820 997 hominem,
845 916 953 996 quise
977 916 1148 998 indignum
1172 917 1238 981 iam
1262 916 1453 998 praebuerit
1477 919 1574 982 bene-

346 1023 494 1089 volentia
526 1023 640 1105 ipsius⁷
673 1024 721 1089 ita
752 1031 788 1088 ut
817 1023 852 1088 in
876 1023 948 1089 vita
979 1030 1133 1105 sequente
1164 1024 1284 1088 nemini
1317 1042 1434 1088 nocere
1457 1024 1573 1104 possit.

347 1149 422 1230 32,s
455 1145 494 1214 οὐ
509 1146 552 1213 τό
575 1147 702 1236 παρόν
725 1145 825 1231 μόνον
845 1147 932 1233 βλὲ-
987 1148 1039 1214 ΙΙΙ
1062 1151 1091 1230 2,
1103 1179 1130 1218 ιι
1148 1145 1235 1214 Ἐπεὶ
1252 1145 1321 1214 οὐδ’
1338 1146 1460 1213 ἐκεῖνον
1477 1145 1574 1214 α’πο-

392 1279 457 1321 πει
492 1259 549 1342 τῆς
580 1254 740 1343 προνοίας
773 1254 790 1320 ό
823 1253 932 1338 νόμος,

391 1359 475 1428 α’λλά
490 1364 543 1428 καὶ
561 1359 599 1428 τό
615 1360 733 1445 μέλλον
749 1363 932 1447 γίγνεσθαι,

391 1471 445 1534 καὶ
477 1461 528 1545 οἷς
557 1468 715 1559 προσήκει
745 1467 804 1557 τὴν
834 1466 933 1553 ολξίαν

391 1574 519 1642 ἐκεῖθεν
546 1574 669 1645 τάττει.
715 1574 772 1642 τόν
800 1575 860 1660 μὲν
883 1600 932 1660 γε·

391 1681 509 1750 νὲσδαι
539 1684 681 1750 δοῦλον
710 1681 827 1772 αἰμῆκε,
862 1691 932 1764 (χα-

390 1788 490 1866 λεπός
535 1788 597 1880 γὰρ
636 1787 676 1856 όν
722 1788 933 1878 δεσπότης

377 1886 521 1986 eosdm),
537 1896 594 1963 τόν
610 1898 646 1965 δὲ
670 1897 818 1986 πένητα
833 1922 931 1964 κατα-

391 2135 471 2176 σσιο
495 2110 658 2199 ninniven·
688 2111 705 2178 ό
730 2111 777 2188 δέ,
798 2111 931 2202 (ἤμελλε

389 2216 450 2306 γὰρ
475 2217 643 2303 ἐξαπατᾶν
666 2221 720 2286 καὶ
744 2219 931 2286 κολακεί-ειν

390 2327 445 2392 καὶ
497 2323 598 2410 όξέοις
650 2324 734 2414 πρός
780 2325 931 2418 ἁρπαγὰς

390 2431 517 2518 ἐξάγειν
546 2431 604 2499 ιόν
634 2434 801 2520 πεσόντα),
838 2458 929 2501 συνε·

389 2538 529 2627 diotone]
553 2539 611 2629 ιῆν
634 2541 789 2631 κεφαλήν,
816 2595 875 2610 ...

345 2755 438 2834 32,εε
472 2807 505 2822 ..
530 2752 575 2830 ιός
598 2751 638 2820 δν
661 2753 863 2839 μάθοιμεν
891 2760 931 2843 τῇ

389 2865 448 2926 τοῦ
494 2857 650 2951 α’μόριρου
703 2861 929 2951 παραδόσει

389 2960 459 3034 οἷον
482 2968 520 3033 τὸ
543 2967 670 3046 κάλλος.

1030 1253 1195 1343 βλητέον
1225 1252 1291 1320 τόν
1325 1252 1430 1339 λόγον,
1466 1253 1502 1330 ὃς
1535 1251 1574 1319 σι’

1031 1359 1117 1449 πρός
1160 1359 1198 1426 τό
1244 1360 1372 1449 παρόν
1418 1359 1573 1428 ἑκάστοτέ

1031 1491 1115 1557 φησι
1138 1467 1283 1554 βλέπειν,
1308 1466 1390 1534 ἀλλὰ
1406 1466 1492 1555 πρός
1514 1465 1574 1544 τὰς

1032 1573 1183 1661 πρόσθεν
1221 1573 1399 1663 περιόδους
1437 1576 1493 1641 καὶ
1530 1571 1572 1640 αὖ

1031 1682 1068 1748 τό
1092 1681 1219 1766 μέλλον,
1245 1680 1329 1750 ὥστε
1346 1682 1475 1749 ἐκεῖθεν
1498 1681 1572 1747 τότ-

1030 1815 1099 1856 τειν
1133 1787 1192 1878 τὴν
1223 1787 1320 1874 οἷξίαν
1354 1791 1409 1856 καὶ
1439 1815 1571 1873 μετατι-

1031 1897 1130 1964 θέναι
1177 1897 1211 1962 ἐκ
1258 1899 1460 1963 δεσποτῶν
1499 1901 1570 1962 τῶν

1029 2002 1180 2093 πρόσδεν
1208 2002 1375 2080 δούλους
1399 2007 1569 2072 ποιοῦντα.

1030 2111 1060 2178 εἰ
1083 2111 1227 2197 ἐγένοντο
1244 2114 1338 2177 κακοὶ
1362 2109 1569 2181 δεσπόται.

1029 2221 1084 2285 καὶ
1109 2217 1160 2284 ότι
1185 2217 1357 2306 σύμφορον
1378 2216 1493 2294 αὐτοῖς
1517 2217 1569 2284 od

1029 2352 1086 2403 τω,
1116 2327 1171 2392 καὶ
1202 2325 1233 2390 εἰ
1256 2329 1361 2401 κακῶς
1389 2323 1568 2413 ἐχριζσαιιο

1029 2431 1176 2518 πλούτῳ,
1220 2431 1378 2521 πένητας,
1424 2433 1480 2499 καὶ
1520 2431 1567 2497 ότι

1029 2538 1172 2624 α’γαδοῖς
1200 2538 1258 2606 οὐκ
1281 2537 1479 2629 α’σόμφορον
1503 2563 1568 2604 πε-

1030 2671 1141 2735 νησιν
1165 2639 1250 2714 εἶναι
1275 2699 1334 2715 ...

984 2756 1037 2822 ΙΙΙ
1062 2758 1121 2838 2,ι
1156 2807 1185 2822 ..
1209 2755 1263 2820 καὶ
1287 2751 1511 2837 μανθάνειν
1534 2751 1565 2819 δὲ.

1029 2868 1121 2928 ποιεῖ
1143 2855 1214 2928 οἷον
1229 2858 1358 2946 α’γοέλόν
1380 2858 1481 2950 α’ρειὴ
1498 2885 1566 2926 πα-

1029 2967 1196 3058 ραθέσει
1219 2973 1335 3036 κακῶν.

434 3113 636 3195 Quamquam
661 3120 769 3179 autem
794 3115 874 3180 haeo
899 3133 996 3196 saepe
1020 3115 1069 3178 ita
1092 3115 1188 3195 fiant,
1221 3120 1330 3179 tamen
1355 3133 1419 3178 non
1443 3131 1565 3194 semper

344 3237 364 3282 a
388 3220 448 3284 deo
472 3220 564 3285 nasci
594 3219 671 3286 illas
697 3222 888 3288 debilitates
912 3221 1060 3302 corporis
1084 3221 1227 3302 humani,
1259 3221 1393 3302 saepius
1416 3227 1565 3302 parentes

345 3327 546 3392 accusandos
571 3347 651 3392 esse.
699 3328 772 3394 Non
804 3329 890 3393 enim
920 3329 969 3393 ita
1001 3330 1118 3392 debere
1149 3347 1221 3394 esse
1250 3327 1503 3410 providentiam,
1534 3331 1566 3390 ut

344 3450 404 3496 nos
428 3432 512 3497 nihil
541 3434 657 3516 simus,
689 3437 784 3500 dooet
808 3437 936 3501 Aeneas
960 3434 1071 3502 verbis
1094 3434 1220 3500 Plotini
1251 3452 1378 3499 enexu
1409 3431 1566 3498 orationis

344 3540 520 3621 exemptis:

344 3663 425 3745 34,a
455 3661 507 3729 Οὐ
535 3660 605 3753 γὰρ
630 3663 711 3732 ε”δει
741 3664 809 3753 τὴν
832 3662 929 3754 πρό·
983 3666 1037 3730 III
1054 3667 1110 3748 2,ι
1138 3661 1189 3732 Οό
1212 3661 1284 3752 γὰρ
1308 3661 1354 3754 δὴ
1378 3660 1478 3730 οὕτω
1500 3660 1566 3750 τὴν

388 3795 501 3836 νοιαν
547 3770 670 3849 οὕτως
714 3765 833 3848 εἶναι,
880 3770 929 3849 aig

388 3877 509 3965 μηδὲν
540 3877 639 3966 ἡμᾶς
670 3873 789 3947 εἶναι·
833 3877 929 3945 πόν-

388 4008 434 4050 ια
468 3989 538 4074 γάρ
576 3984 695 4074 οὔσης
731 3988 925 4076 προνοίας

390 4089 504 4158 οῦδὲ-ν
536 4088 581 4157 όν
609 4095 685 4182 εἴη·
724 4093 831 4171 τίνος
857 4092 927 4182 γὰρ

389 4195 434 4264 dv
462 4202 538 4288 εἴη,
570 4199 601 4266 εἰ
630 4199 749 4285 μόνον
780 4205 856 4291 εἴη,
886 4199 928 4267 τό

1028 3770 1221 3860 πρόνοιαν
1245 3764 1350 3838 εἶναι
1371 3772 1446 3850 δεῖ,
1471 3768 1565 3836 ὥστε

1028 3879 1150 3969 μηδὲν
1182 3879 1281 3968 ἡμᾶς
1311 3873 1432 3946 εἶναι·
1473 3874 1564 3944 πάι·-

1027 4012 1073 4053 ια
1094 3986 1134 4053 δὲ
1158 3984 1277 4074 οὔσης
1298 3985 1491 4075 προνοίας
1513 3984 1562 4050 καὶ

1027 4092 1130 4183 μόνης
1164 4092 1266 4182 αὐτῆς
1296 4092 1378 4161 οὐδ’
1407 4089 1452 4160 ἂν
1491 4095 1562 4180 εἴη·

1027 4202 1135 4279 σι’νος
1153 4198 1224 4290 γὰρ
1240 4197 1285 4266 δν
1301 4199 1358 4268 ἔτι
1383 4203 1463 4290 εἴης
1486 4196 1562 4268 α’λλά

390 4313 520 4385 dadon·
1027 4308 1146 4392 μόνον
1169 4305 1209 4376 όν
1233 4311 1292 4398 εἴη
1316 4307 1359 4375 τό
1381 4315 1507 4377 θεῖον.

433 4451 496 4517 Sed
527 4472 566 4517 ne
598 4453 657 4518 has
682 4453 810 4533 quidam
840 4453 988 4535 eorporis
1019 4453 1230 4520 infirmitates
1262 4454 1392 4520 omnino
1423 4454 1563 4520 utilitate

344 4577 470 4640 carere,
507 4578 577 4624 onin
610 4561 756 4626 homines
788 4561 933 4627 excitent
964 4569 999 4628 ut
1031 4561 1171 4643 vigilent
1200 4563 1306 4643 magis
1336 4567 1435 4642 atque
1466 4559 1563 4627 sobrii
