3496 5310
819 387 1032 494 „3⁸4-

310 609 494 694 ippalamoa
517 608 544 674 λ.
584 609 642 676 sed
665 627 770 691 neque
793 609 986 692 lilippalmos
1009 625 1114 690 neque
1129 607 1270 694 Pelopea
1289 607 1380 674 inter
1403 606 1542 676 iuvenes

309 717 506 800 invenimus,
543 735 678 798 quorum
714 717 845 784 uomina
878 716 949 798 ipse
983 716 1122 783 Ovidius
1155 721 1257 784 autea
1292 715 1335 801 (v.
1358 715 1424 782 299
1454 714 1542 800 sqq.)

310 825 525 891 enumeravit.

399 933 524 998 Poetae
554 931 657 1015 igitur
687 931 828 998 Romani
849 933 1042 1014 habebant,
1074 950 1132 998 cur
1156 931 1359 999 Graecorum
1389 929 1542 1013 vestigiis

311 1147 444 1213 Lucreti
469 1146 598 1230 quidem
623 1152 657 1212 et
673 1146 794 1213 Catulli
816 1146 962 1212 carmina
978 1146 1119 1213 Graecis
1144 1144 1259 1212 formis
1283 1165 1347 1212 nou
1371 1146 1544 1212 abundare

310 1254 462 1337 vidimus,
487 1272 682 1336 quamquam
702 1255 803 1321 certis
827 1254 936 1321 causis
962 1255 1002 1320 de
1023 1254 1141 1336 quibus
1157 1254 1407 1336 disputavimus,
1432 1253 1544 1320 termi-

310 1363 462 1428 nationes
479 1361 627 1428 Graecas
651 1362 867 1428 admiserunt.
907 1361 1059 1428 sediude
1084 1381 1104 1428 a
1128 1361 1252 1430 Catulli
1276 1367 1390 1428 aetate
1413 1367 1542 1443 poetae,

310 1470 388 1552 quia
418 1470 542 1536 fabulis
573 1471 712 1538 Graecis
743 1469 928 1536 tractandis
959 1488 1116 1536 summam
1149 1487 1261 1536 curam
1294 1469 1541 1551 impendebant,

309 1577 414 1661 magis
449 1578 618 1661 magisque
653 1577 785 1643 uomina
820 1596 947 1659 quoque
980 1577 1111 1644 Graeca
1145 1579 1292 1659 recipere
1325 1577 1541 1660 cogebantur,

311 1704 394 1766 quae
419 1684 523 1750 latine
547 1683 731 1752 reformata
754 1692 892 1752 metrum
918 1683 1142 1752 offendissent.
1185 1699 1275 1766 'quaa
1298 1685 1432 1752 nomina
1454 1701 1544 1750 nunc

221 1885 224 1890 ¹
310 1793 578 1876 contemplemur.
682 1837 683 1840 ,

890 1974 963 2057 §a

404 2120 431 2182 l.
463 2117 502 2183 Iu
526 2116 641 2200 lingua
664 2115 788 2182 Latina
811 2117 947 2184 eandem
972 2117 1045 2183 iere
1074 2115 1203 2198 copiam
1235 2133 1308 2182 essa
1338 2114 1541 2198 syllabarum

310 2224 457 2290 brevium
489 2231 524 2290 et
555 2224 727 2308 longarum
759 2223 843 2290 satis
875 2229 1015 2290 constat.
1064 2224 1177 2306 itaque
1208 2241 1324 2289 versus
1354 2222 1542 2288 trochaicus

310 2331 366 2399 vel
389 2331 547 2399 iambicos
570 2330 663 2398 facili
689 2349 790 2414 opera
814 2331 929 2398 facere
952 2337 1130 2414 potueruut
1158 2339 1277 2413 poetae
1300 2329 1451 2396 Romani.
1499 2329 1542 2395 ad

310 2457 426 2505 versus
451 2447 558 2506 autem
584 2441 699 2505 heroos
722 2439 871 2521 pluribus
895 2440 1051 2507 brevibus
1076 2438 1214 2522 syllabis
1243 2455 1323 2521 opus
1347 2444 1422 2504 erat
1443 2455 1542 2518 quam

311 2547 432 2630 longis,
464 2555 501 2613 ut
530 2555 650 2629 poetae
680 2547 812 2629 saepius
843 2547 1025 2630 nescirent,
1060 2547 1137 2628 quid
1168 2546 1304 2612 remedii
1335 2547 1541 2612 adhiberent.

312 2655 450 2738 accedit,
476 2655 562 2736 quod
586 2656 710 2720 multae
727 2655 876 2737 syllabae
892 2656 1011 2721 breves
1028 2673 1087 2737 per
1103 2654 1270 2720 elisionem
1288 2653 1542 2731 evanescebant,

309 2763 433 2828 multae
457 2781 516 2843 per
538 2761 733 2844 positionem
757 2763 877 2847 longae
900 2762 1035 2830 fiebant.
1079 2761 1197 2843 quibus
1222 2763 1262 2827 de
1287 2759 1543 2828 difficultatibus

311 2869 457 2935 Koeuius
496 2868 531 2934 in
571 2869 655 2936 libro
695 2889 798 2954 supra
835 2871 940 2936 allato
976 2872 1059 2937 bene
1078 2923 1079 2926 ,
1098 2869 1254 2936 disseruit
1294 2867 1433 2953 (paga
1469 2887 1541 2950 sqq.

310 2995 385 3060 raa·
403 2978 445 3042 2⁷
470 2977 563 3060 sou-l-

399 3086 469 3152 Iam
485 3084 636 3152 Ennius
653 3085 738 3152 talia
761 3085 893 3151 nomina
916 3084 949 3150 in
975 3103 1053 3167 epos
1072 3083 1227 3151 Latinum
1253 3083 1379 3150 inlerre
1403 3081 1542 3165 studuit,

311 3211 395 3275 quae
419 3198 499 3275 apta
523 3192 714 3260 viderentur
738 3194 781 3259 ad
805 3211 937 3259 versum
963 3194 1107 3258 heroum.
1154 3209 1261 3273 neque
1291 3197 1402 3258 tamen
1433 3191 1543 3256 omnia

311 3319 394 3383 quae
425 3302 469 3367 ab
500 3302 561 3366 boc
593 3307 692 3383 poeta
718 3300 901 3367 clarissimo
926 3301 967 3366 ad
990 3317 1108 3368 versus
1132 3299 1315 3386 dactylicos
1338 3305 1419 3381 apta
1443 3303 1544 3364 erant

309 3408 456 3491 reddita,
488 3408 630 3491 posteris
654 3409 865 3491 placuerunt,
897 3409 956 3474 sed
980 3427 1068 3476 nova
1091 3409 1177 3473 ratio
1201 3425 1318 3474 versus
1342 3405 1434 3474 heroi
1458 3423 1541 3488 pau·

310 3516 409 3598 gendi
440 3515 525 3582 inita
558 3522 619 3583 est.
673 3516 843 3584 elisionem
875 3516 981 3600 igitur
998 3516 1147 3583 ¹ultimae
1180 3515 1330 3599 syllabae
1360 3533 1476 3581 vocum
1507 3514 1542 3579 in

309 3621 450 3689 iambum
482 3623 671 3690 exeuntium
700 3630 821 3706 poetae
854 3629 1010 3707 quantum
1043 3630 1199 3706 poteraut
1232 3622 1403 3690 evitarunt
1435 3639 1542 3704 neque

309 3732 442 3798 nounua
465 3731 631 3815 dactylica
654 3731 744 3799 finali
768 3733 896 3814 syllaba
920 3733 1052 3814 saepius
1075 3732 1209 3814 privare
1238 3731 1310 3798 ausi
1333 3734 1420 3798 sunt.
1467 3747 1541 3796 cum

309 3844 419 3904 autem
443 3837 574 3905 Graeca
597 3840 729 3906 uomina
753 3839 802 3905 eis
826 3840 1014 3907 adhibenda
1037 3846 1150 3906 esseut
1173 3839 1299 3905 illorum
1324 3837 1458 3904 heroum
1486 3837 1541 3904 vel

310 3945 445 4012 deorum
485 3965 621 4028 quorum
659 3945 792 4013 fabulas
827 3949 1025 4030 narrabant,
1065 3965 1204 4030 magnae
1243 3945 1460 4012 difficultates
1494 3944 1543 4012 eis

310 4058 404 4118 ortae
420 4061 506 4120 suut.
539 4073 623 4136 quae
640 4055 754 4136 quales
772 4055 898 4121 fuerint
922 4074 1070 4137 quaeque
1094 4073 1206 4121 earum
1231 4073 1251 4120 a
1275 4052 1381 4136 poetis
1405 4062 1542 4135 reperta

309 4159 377 4227 sint
400 4161 556 4245 remedia,
583 4161 698 4245 paucis
721 4164 896 4229 enarrabo.

399 4273 447 4334 Ac
472 4269 610 4350 primum
635 4270 764 4352 quidem
789 4272 876 4352 apud
897 4271 1044 4338 Graecos
1064 4289 1126 4336 non
1152 4270 1269 4337 desunt
1293 4267 1426 4334 uomina
1457 4287 1540 4349 quae

309 4375 450 4443 Latinas
474 4397 535 4460 per
558 4379 810 4446 terminationes
834 4378 928 4444 finita
944 4379 978 4445 in
995 4396 1092 4445 versu
1109 4380 1208 4445 heroo
1235 4377 1359 4444 idcirco
1384 4375 1541 4443 collocari

309 4504 373 4551 nou
411 4485 555 4568 possint,
596 4486 672 4568 quia
711 4487 766 4554 vel
799 4487 915 4553 cretici
956 4493 1034 4554 sunt
1065 4486 1118 4554 vel
1148 4487 1183 4552 iu
1214 4486 1372 4552 creticum
1407 4490 1539 4551 exeunt.

311 4592 429 4672 quibus
452 4593 637 4659 nominibus
661 4599 778 4676 poetae
802 4595 943 4660 Romani
966 4595 1015 4659 uti
1038 4613 1102 4660 nou
1126 4613 1204 4659 raro
1228 4595 1440 4676 cogebantur,
1468 4607 1539 4658 eum
