3522 5310
760 327 989 427 17.Ι

194 521 380 608 loquacitati
409 525 567 610 opposita.
616 523 729 609 Neque
753 526 839 587 enim
865 523 1017 588 Socrates
1046 545 1065 586 a
1087 523 1266 606 Protagora
1293 545 1368 608 pos·

195 630 298 695 tulare
321 640 439 717 potest,
465 631 553 718 quod
577 634 648 717 ipse
672 631 815 696 irrideat.

283 739 398 824 Itaque
412 737 615 804 Duemmleri
629 738 669 802 de
681 737 860 824 Protagora
874 737 1003 822 dialogo
1021 739 1216 802 seutentiam
1230 736 1370 823 probare

196 867 336 930 nequeo3
355 846 454 911 multo
473 848 579 911 miuus
597 847 783 931 opinionem
801 845 861 910 hac
879 846 919 910 dc
936 869 972 908 re
990 867 1009 908 a
1025 844 1045 908 J
1053 843 1156 909 celio
1174 845 1191 907 l.
1208 845 1227 907 l.
1253 846 1370 908 totiens

196 955 376 1039 repetitam.
424 954 497 1018 Hoc
526 955 612 1017 enirn
636 954 746 1018 iudice
774 975 840 1016 non
864 953 967 1016 solum
994 952 1138 1016 Platonis
1163 953 1370 1035 Protagoras,

197 1059 257 1124 sed
294 1062 388 1124 etiam
421 1059 582 1125 Convivia
613 1071 645 1124 et
675 1059 819 1124 Platonis
856 1071 888 1124 et
918 1059 1146 1145 Xenophontis
1182 1071 1214 1124 et
1248 1058 1371 1124 Callias

197 1166 375 1233 Aeschinis
391 1167 620 1232 Antisthenem
637 1169 820 1255 respiciunt
836 1170 972 1253 eiusque
991 1169 1177 1232 convivium
1195 1167 1370 1254 quoddam,

197 1275 284 1362 quod
309 1275 394 1340 hunc
418 1277 450 1338 in
476 1296 541 1339 uno
566 1275 606 1339 de
636 1278 781 1362 quinque
805 1273 897 1339 libris
921 1280 1146 1367 Προτρεπτικοῦ
1173 1282 1239 1366 περὶ
1272 1281 1370 1344 δικαι-

196 1387 301 1468 οσύνης
333 1390 385 1452 καὶ
417 1387 557 1474 ἀνδρείας
567 1383 590 1468 ¹)
627 1381 818 1447 exhibuisse
849 1403 988 1447 necesse
1021 1385 1070 1446 sit
1129 1380 1226 1461 Quod
1259 1385 1370 1446 testari

196 1489 304 1554 lucide
329 1491 391 1554 tria
415 1512 499 1575 quae
523 1488 684 1554 hahemus
709 1488 806 1554 huius
832 1491 941 1576 operis
964 1489 1105 1554 frustula
1129 1492 1161 1553 in
1186 1489 1305 1576 quibus
1330 1489 1371 1554 de

197 1596 324 1683 poculo,
349 1596 423 1661 cibo
439 1598 599 1682 porcario,
624 1595 746 1662 matula
768 1608 893 1682 agatur,
919 1619 1003 1682 quae
1028 1594 1081 1660 vel
1105 1596 1194 1682 apud
1211 1595 1370 1682 Cynicum

197 1704 392 1768 convivandi
405 1705 563 1769 rationem
576 1704 725 1768 redolere
738 1725 1004 1790 unumquemque
1018 1703 1200 1768 concedere
1214 1713 1370 1789 oporteat.

198 1811 251 1874 Ad
275 1812 461 1875 convivium
486 1813 607 1897 optime
633 1810 794 1897 quadrare
818 1809 1036 1894 fragmentum
1061 1813 1113 1888 58,
1136 1811 1154 1874 7
1179 1809 1311 1875 Winok.
1337 1849 1369 1874 ;

198 1919 239 1982 82
255 1917 344 1982 hlull.
387 1924 585 2005 Ἀντισθένης
608 1925 783 2010 spumosa,
807 1927 837 1987 τί
855 1926 896 2004 δή
919 1947 993 1988 ποτε
1016 1925 1070 2010 οὐχ
1093 1924 1121 1988 οἱ
1141 1923 1275 1988 πλούσιοι
1297 1924 1372 2010 πρὸς

197 2034 269 2106 τοὺς
291 2035 406 2119 σοφοὺς
429 2033 558 2106 ἀπίασιν,
584 2031 649 2095 ἀλλ’
669 2030 824 2106 ἀνάπαλιν,
850 2027 936 2094 εἶπεν.
961 2031 1007 2095 ὅτι
1031 2031 1059 2096 οἱ
1082 2033 1171 2118 σοφοὶ
1188 2033 1240 2118 μὲν
1263 2029 1369 2107 ἴσασιν,

198 2138 239 2201 ὧν
263 2139 343 2202 ἐστιν
366 2139 470 2214 αὐτοῖς
491 2141 576 2226 χρεία
598 2141 671 2226 πρὸς
693 2136 747 2202 τὸν
772 2139 844 2226 βίον,
871 2139 899 2202 οἱ
918 2140 955 2202 δὲ
971 2138 1024 2202 οὐκ
1038 2137 1149 2203 ἴσασιν·
1176 2139 1237 2202 ἐπεὶ
1254 2140 1371 2224 μᾶλλον

198 2247 305 2333 σοφίας
327 2247 345 2326 ἢ
369 2248 530 2332 χρημάτων
555 2246 590 2308 ἂν
614 2247 826 2330 ἐπεμελοῦντο.
874 2240 989 2325 Neque
1003 2239 1088 2304 male
1105 2261 1178 2304 cum
1198 2238 1259 2303 hoc
1276 2239 1369 2302 Anti-

199 2347 324 2411 sthenis
349 2347 434 2412 dicto
460 2349 635 2411 convenire
658 2345 764 2410 locum
790 2346 954 2434 quendam
972 2346 1122 2411 Convivii
1138 2345 1371 2433 Xenophontei

198 2454 259 2522 (lV
287 2453 354 2539 62),
384 2453 566 2518 secundum
591 2475 688 2540 quem
714 2453 927 2518 Antisthenes
953 2454 1107 2540 Hippiam
1133 2464 1164 2517 et
1188 2455 1370 2540 sapientem

198 2560 371 2626 Prodicum
385 2561 515 2625 duxerit
527 2560 568 2624 ad
578 2560 725 2642 Calliam,
740 2563 817 2645 quia
832 2561 907 2626 huic
922 2559 1137 2647 philosophia,
1153 2559 1216 2624 illis
1229 2563 1371 2646 pecunia

198 2691 281 2754 opus
311 2691 385 2732 esse
417 2667 545 2732 viderit.
599 2667 686 2748 Quid
715 2670 814 2751 igitur
846 2667 960 2754 sequi?
1012 2668 1109 2754 Apud
1142 2667 1369 2732 Antisthenom

197 2778 364 2862 sapientes
390 2774 431 2839 ad
448 2775 565 2840 divites
592 2777 734 2853 venisse,
760 2775 847 2861 quod
872 2784 1097 2860 argumentum
1116 2775 1157 2838 de
1174 2777 1369 2860 sapientium

197 2907 271 2946 cum
306 2883 452 2970 tyrannis
489 2891 522 2946 et
550 2881 712 2968 opulentis
741 2881 978 2946 consuetudine
1015 2884 1047 2946 iu
1076 2885 1147 2947 eius
1178 2881 1370 2967 fragmentis

197 3012 299 3076 saepe
311 2991 483 3076 repetitum
498 2991 540 3052 sit
588 2989 629 3052 ht
641 3011 715 3054 curn
729 2997 872 3081 συνουσίᾳ
885 2991 1080 3075 sapientium
1094 2988 1181 3074 apud
1199 2989 1370 3076 opulentos

196 3119 295 3182 reges
324 3095 432 3161 oblata
463 3119 538 3160 esse
567 3107 600 3160 et
628 3096 790 3183 colloquia
819 3108 851 3160 ct
879 3097 1075 3160 convivium.
1134 3096 1250 3182 Itaque
1279 3097 1369 3160 Anti-

196 3205 343 3272 sthenem
373 3209 559 3270 convivium
590 3207 785 3292 sapientium
810 3206 898 3292 apud
924 3205 1056 3269 divitem
1083 3204 1247 3291 quendam
1272 3203 1370 3289 idque

195 3315 228 3378 in
245 3314 447 3400 Protreptico
465 3336 645 3390 enarrasse,
672 3313 758 3399 quod
777 3313 867 3377 Plato
886 3325 917 3376 et
934 3312 1119 3398 Xenophon
1138 3324 1169 3375 et
1186 3311 1370 3375 Aeschines

196 3424 381 3507 respiciant.
430 3421 573 3485 Divitem
599 3420 686 3506 apud
711 3443 807 3506 quem
834 3421 1019 3484 convivium
1045 3419 1190 3484 habitum
1215 3420 1265 3500 sit,
1295 3439 1369 3480 esse

196 3525 344 3609 Calliam,
358 3531 478 3616 quippe
492 3527 533 3592 ad
543 3551 639 3614 quern
650 3527 868 3613 Xenophonte
882 3537 965 3592 teste
976 3527 1189 3592 Antisthenes
1202 3527 1369 3611 sapientes

196 3657 318 3721 eosque
348 3636 511 3723 sophistas
540 3636 678 3701 duxerit.
733 3636 847 3721 ltaque
876 3637 907 3699 in
934 3635 1055 3700 Calliae
1086 3634 1182 3698 domo
1210 3633 1251 3698 ab
1276 3633 1369 3696 Anti-

197 3741 312 3805 sthene
325 3747 538 3808 convivantes
554 3743 718 3829 sophistns
732 3743 826 3806 fictos
845 3767 929 3806 csso.
968 3744 1075 3828 Atque
1092 3753 1127 3804 ut
1139 3743 1368 3827 gravissimum

195 3862 433 3934 argumentum,
464 3851 550 3936 quod
580 3850 671 3913 Plato
700 3851 879 3935 Protagora
907 3850 1036 3934 dialogo
1071 3850 1112 3912 ad
1141 3845 1368 3912 Antisthencm

195 3967 331 4043 spectet,
370 3957 500 4025 Joelius
540 3981 613 4022 eum
651 3959 756 4043 ipsum
797 3958 903 4022 locum
944 3957 1037 4020 affert
1073 3979 1168 4043 quent
1206 3978 1299 4020 suum
1336 3957 1367 4018 in

195 4085 291 4128 usum
318 4067 382 4129 iam
407 4063 600 4130 Duemmlcr
631 4077 839 4130 converterat
867 4089 896 4150 p.
923 4065 986 4128 34?
1014 4065 1039 4129 O
1063 4072 1132 4134 κτλ.
1167 4064 1219 4146 tcl'.
1245 4085 1278 4148 p.
1307 4063 1367 4146 14).

194 4171 280 4235 'l'um
303 4172 409 4258 pergit
432 4195 461 4258 p.
486 4173 565 4236 732:
602 4173 726 4254 „Dicse
751 4172 925 4236 arrffallend
951 4174 1025 4235 weit
1048 4170 1259 4256 ausgcftihrte
1285 4171 1367 4234 Dar-

194 4277 317 4364 legung
340 4289 413 4363 sagt
432 4280 486 4343 fiir
504 4280 618 4365 jedeu,
643 4278 703 4342 der
719 4279 838 4364 Augen
863 4279 926 4354 hat,
953 4279 1029 4343 dass
1055 4279 1107 4343 die
1126 4278 1366 4344 Gedichtinter·

195 4387 355 4472 pretation
379 4387 439 4451 aul'
459 4388 511 4450 ein
538 4388 734 4474 Symposion
759 4387 883 4470 gehtirt,
914 4387 1035 4450 dessen
1060 4387 1234 4450 maeltiorte
1260 4385 1367 4448 Kritilt

285 4619 304 4686 ¹)
323 4617 447 4672 Mullach
466 4617 556 4671 PPhG
576 4617 602 4670 ll
622 4637 646 4686 p.
667 4617 727 4670 276.

249 4724 417 4781 ttiuotatoaau,
432 4726 468 4770 De
482 4725 524 4770 vu
539 4737 591 4780 sap.
1153 4707 1169 4758 ‘2
