3522 5310
773 333 817 400 49

208 537 364 624 ἐσχηκέναι
391 539 445 600 τὸν
467 527 649 602 Ἀπόλλωνα
680 539 735 602 τόν
760 538 899 623 τρίποδα.
945 529 1048 612 ’ἁλιεῖς
1075 536 1175 623 μισθῷ
1197 537 1323 601 δίκτυον
1347 535 1377 599 ἐν

209 652 247 736 τῇ
269 644 415 733 θαλάττη
438 641 583 730 ἔρριπτον,
608 643 657 708 ίνα
679 643 715 708 τό
735 643 883 730 ἀγρευθὲν
900 641 944 724 εἴη
967 650 1023 706 τοῦ
1047 644 1102 706 τὸν
1118 642 1227 730 μισθόν
1242 643 1384 719 διδόντος

209 752 321 828 αὐτοῖς.
373 750 559 840 συμβεβήκει
584 759 657 839 γοῦν
681 751 748 815 ἀντὶ
775 750 886 838 ἰχθύων
908 751 1039 837 τρίποδα
1061 757 1192 836 χρυσοῦν
1213 749 1384 838 περιλαβεῖν

209 859 319 935 αὐτοὺς
348 868 393 945 τῷ
419 859 544 944 δικτύῳ.
599 858 844 948 φιλονεικούντων
872 855 924 922 οὖν
951 866 1012 921 τῶν
1039 879 1075 920 τε
1103 858 1212 921 ἀλιέων
1245 861 1296 921 καὶ
1327 864 1383 922 τοῦ

209 967 422 1052 μισθώσαντος
443 968 571 1030 καὶτῶν
588 967 641 1054 μὲν
656 966 817 1052 λεγόντων,
843 969 884 1042 ώς
900 965 933 1029 οῦ
949 966 1078 1050 τρίποδα
1092 965 1286 1051 πεπράκασιν,
1312 959 1381 1030 ἀλλ’

119 1150 123 1156 ¹
210 1072 305 1161 ἰχθῦς,
329 1082 385 1138 τοῦ
404 1076 450 1150 δέ,
475 1077 515 1149 ὡς
538 1081 595 1138 πάν
619 1073 667 1138 ότι
681 1073 777 1161 τύχοι,
803 1071 925 1161 ἔχρησεν
949 1071 999 1138 οὖν
1015 1072 1206 1137 όἈπόλλων
1230 1081 1275 1158 τῷ
1299 1081 1384 1163 σοφῷ

207 1189 319 1245 τοῦτον
343 1181 520 1268 ἀνενεγκεῖν.
567 1179 738 1266 ἀγαγόντες
754 1179 805 1244 οὖν
819 1189 928 1245 τοῦτον
946 1181 991 1244 ἐπὶ
1006 1183 1080 1256 τοὺς
1096 1178 1174 1243 ἑπτὰ
1190 1180 1382 1268 φιλοσόφους,

208 1288 271 1352 ἐπεί
287 1287 447 1376 ἀπηρνεῖτο
471 1284 513 1364 είς
535 1286 665 1363 ἕκαστος
690 1290 729 1375 μή
754 1283 827 1351 είναι
849 1289 953 1376 σοφός,
979 1287 1133 1368 ἀνέθηκαν
1155 1296 1200 1371 τῷ
1211 1285 1386 1351 Ἀπόλλωνι

208 1395 343 1472 εἰκότωςΙ
370 1397 475 1482 μάντις
498 1396 551 1482 μὲν
576 1397 615 1458 ὢν
637 1397 710 1470 τοὺς
731 1401 812 1481 τρεῖς
834 1396 960 1482 χρόνους
985 1391 1056 1471 είδε,
1082 1397 1122 1457 τά
1144 1390 1173 1457 τ’
1196 1394 1286 1457 ἐόντα
1301 1395 1343 1457 τά
1357 1387 1385 1457 τ’

209 1503 359 1590 ἐσσόμενα
381 1504 438 1590 πρό
462 1495 490 1564 τ’
516 1503 616 1566 έόντα.

297 1606 328 1669 7.
376 1603 485 1672 8οίιοί.
526 1603 691 1689 Αιίείορθ.
731 1603 839 1690 Equit.
859 1692 862 1697 Ι
884 1603 969 1669 1016
1017 1603 1179 1688 (editionis
1227 1603 1383 1688 Aldinae3

209 1712 249 1776 σί.
280 1711 407 1776 Ζεοίιει·
430 1711 449 1777 l.
476 1710 496 1776 l.
519 1734 552 1797 p.
582 1711 657 1776 557.
695 1711 768 1776 709.
806 1711 880 1776 718.
911 1711 985 1776 724.
1022 1709 1137 1776 Philol.
1168 1709 1282 1798 Suppl.
1316 1711 1382 1776 VII

208 1818 323 1905 (1899)
348 1841 378 1905 p.
403 1817 496 1901 455.)
542 1823 612 1911 Περὶ
626 1824 664 1887 δὲ
685 1831 742 1888 τοῦ
767 1823 945 1911 ένΔελφοῖς
958 1825 1102 1910 τρίποδος
1122 1823 1163 1900 εἰς
1178 1823 1385 1910 ἀναπλήρωσιν

207 1940 271 1996 τῶν
300 1931 330 1994 ἐν
360 1938 425 2007 τοῖς
456 1930 496 2006 είς
524 1932 578 1994 τδν
601 1930 739 1995 Πλοῦτον
761 1930 934 2018 λεχθέντων
957 1931 991 1994 οὐ
1015 1937 1113 2018 χεῖρον
1143 1932 1196 1995 καὶ
1228 1933 1270 1994 τὰ
1303 1933 1386 2019 παρὰ
1474 1911 1476 1918 ¹

209 2039 399 2126 Πλουτάρχῳ
420 2037 622 2125 ίστορηθέντα
644 2040 848 2125 παραλλήλων
863 2038 977 2102 Σόλωνι
1000 2037 1161 2105 κάνταῦθα
1176 2038 1384 2126 παραθέσθαι.

207 2147 291 2222 Τοὺς
326 2147 380 2230 μὲν
408 2147 468 2232 γὰρ
500 2146 593 2221 ἁλιεῖς
612 2145 739 2229 Κῴους,
773 2148 846 2221 τοὺς
871 2146 908 2208 δὲ
935 2146 990 2208 τὸν
1019 2144 1112 2233 βόλον
1144 2149 1322 2234 πριαμένους
1350 2146 1386 2210 ἐκ

209 2253 348 2333 Μιλήτου
372 2251 476 2328 ξένους
498 2251 626 2339 ὑπάρξαι
650 2254 745 2340 φησίν.
792 2254 846 2317 τὸν
861 2247 890 2315 δ’
908 2251 1098 2343 ἀναφανέντα
1120 2261 1245 2340 χρυσοῦν
1269 2255 1386 2340 τρίπουν

204 2361 333 2440 Ἑλένην
365 2361 514 2423 πλέουσαν
549 2360 584 2423 έκ
618 2359 729 2446 Τροίας
765 2359 875 2424 αὐτόθι
911 2359 1092 2424 καταθεθαι
1129 2368 1265 2448 χρησμοῦ
1304 2382 1386 2436 τινος

209 2467 457 2553 ἀναμνησθεῖσαν
483 2468 624 2531 παλαιοῦ.
681 2470 845 2555 γενομένης
871 2469 908 2530 δὲ
935 2473 1000 2542 τοῖς
1027 2467 1122 2544 ξένοις
1149 2465 1218 2554 ἀχρι
1250 2469 1385 2555 πολέμου

209 2577 362 2662 διαφοράς
383 2576 438 2655 τὴν
453 2573 570 2639 Πυθίαν
593 2574 709 2638 ἀνελοῦ
723 2583 769 2660 τῷ
793 2577 966 2663 σοφωτάτῳ
986 2576 1041 2638 τὸν
1064 2577 1187 2663 τρίπουν
1210 2574 1385 2640 ἀποδοῦναι.

178 2733 181 2740 .
211 2682 287 2746 όθεν
309 2691 428 2769 πρῶτον
452 2683 504 2768 μὲν
526 2683 600 2770 πρὸς
622 2677 755 2762 Θάλητα
779 2681 981 2758 ἀπεστάλθαι,
1006 2677 1073 2745 είτα
1095 2683 1169 2768 πρὸς
1191 2683 1306 2746 Βίαντα
1329 2689 1386 2746 τοῦ

210 2789 325 2856 Θάλεω
358 2793 528 2876 σοφώτερον
556 2789 648 2853 αὐτὸν
677 2788 893 2878 ἀποφήναντος.
946 2781 997 2852 ἀπ’
1029 2790 1148 2852 ἐκείνων
1174 2781 1202 2852 δ’
1231 2787 1319 2864 αὖθις
1349 2789 1389 2866 είς

209 2896 316 2984 έτερσν
340 2895 586 2983 ἀναπεμπόμενον
609 2898 699 2972 τέλος
723 2897 763 2972 είς
788 2894 895 2982 Θήβας
919 2897 954 2960 έκ
968 2896 1106 2977 Μιλήτου
1130 2895 1321 2983 κομισθέντα
1343 2904 1387 2972 τῷ

210 2998 348 3090 Ἰσμηνίῳ
362 2997 541 3078 Ἀπόλλωνι,
557 3005 640 3086 κατάΙ
650 3005 687 3067 δὲ
700 3001 902 3092 Θεόφραστον
916 3011 960 3088 τῷ
978 3004 1008 3066 έν
1021 3001 1151 3090 Δελφοῖς
1165 3001 1387 3090 καθιερῶσθαι.

101 3188 105 3207 ὁ
211 3111 254 3186 εἰς
277 3109 309 3173 ὃν
324 3111 362 3174 δὲ
384 3110 517 3174 ὕστατον
541 3111 690 3200 ἐπέμφθη,
714 3113 793 3186 τινὲς
816 3112 870 3198 μὲν
886 3109 1004 3191 Θαλῆν,
1028 3113 1106 3186 τινὲς
1127 3112 1164 3174 δὲ
1180 3111 1305 3186 Βίαντα,
1331 3109 1387 3173 εἰσὶ

209 3211 240 3282 δ’
266 3216 294 3282 οἳ
316 3219 368 3281 καὶ
390 3216 518 3282 Σόλωνα
541 3218 728 3306 ἱστορήκασι.
777 3212 828 3278 Of.
853 3236 884 3299 p.
910 3215 962 3278 48.

304 3321 334 3384 8.
366 3319 462 3404 Diog.
498 3319 605 3384 Laert.
635 3320 651 3384 Ι
684 3321 725 3385 31
778 3324 950 3401 Φανόδικος
976 3326 1013 3388 δέ
1041 3327 1106 3411 περὶ
1137 3325 1192 3402 τήν
1215 3323 1388 3406 Ἀθηναίων

211 3432 377 3496 θάλασσαν
401 3431 558 3516 εθρεθήναι
579 3433 631 3496 καὶ
654 3430 853 3519 ἀνενεχθέντα
877 3433 919 3508 είς
941 3429 1018 3495 ἀστυ
1040 3434 1205 3519 γενομένης
1226 3432 1389 3511 ἐκκλησίας

211 3541 320 3604 Βίαντι
342 3538 527 3627 πεμφθῆναι.

304 3641 336 3705 9.
371 3642 468 3726 Diog.
507 3641 613 3706 Laert.
645 3642 660 3706 Ι
689 3643 731 3706 82
777 3643 949 3723 Φανόδικος
978 3648 1013 3710 δὲ
1048 3647 1141 3733 κόρας
1173 3646 1387 3734 αἰχμαλώτους

212 3755 450 3842 λυτρωσάμενον
475 3747 533 3817 (so.
565 3749 726 3834 Biantem)
763 3756 934 3834 Μεσσηνίας
957 3753 1068 3841 θρέψαι
1091 3777 1126 3818 τε
1149 3758 1188 3830 ὡς
1215 3753 1388 3842 θυγατέρας

212 3865 266 3926 καί
281 3867 406 3948 προῖκας
428 3862 579 3926 ἐπιδοῦναι
594 3864 647 3926 καί
663 3862 705 3938 είς
719 3865 774 3942 τὴν
791 3862 950 3943 Μεσσήνην
967 3861 1148 3926 ἀποστεῖλαι
1164 3869 1227 3937 τοῖς
1240 3864 1387 3949 πατράσιν

213 3969 324 4033 αὐτῶν.
374 3969 471 4057 χρόνῳ
498 3971 535 4033 δὲ
559 3970 589 4033 έν
611 3975 680 4046 ταῖς
697 3967 857 4050 Ἀθήναις.
887 3972 928 4046 ὡς
954 3970 1138 4056 προείρηται,
1168 3977 1222 4033 τοῦ
1245 3971 1389 4056 τρίποδος

214 4075 394 4164 εὑρεθέντος
427 4077 482 4139 θπδ
514 4084 575 4140 τῶν
605 4077 715 4140 άλιέων
742 4084 797 4140 τοῦ
827 4077 946 4163 χαλκοῦ
982 4076 1146 4163 ἐπιγραφὴν
1179 4074 1301 4161 ἔχοντος
1333 4069 1387 4161 τῷ

214 4182 308 4271 σοφιβ
354 4183 488 4270 Σάτυρος
523 4187 576 4271 μέν
611 4205 682 4271 φησι
711 4183 873 4271 παρελθεῖν
901 4185 958 4258 τὰς
985 4185 1080 4270 κόρας
1120 4215 1156 4222 -
1202 4182 1230 4247 οἱ
1263 4184 1300 4246 δὲ
1334 4185 1388 4247 τὸν

213 4295 333 4377 πατέρα
355 4291 465 4370 αὐτῶν,
491 4293 530 4367 ὡς
552 4291 605 4355 καὶ
626 4291 797 4366 Φανόδικος
823 4323 859 4330 -
888 4290 928 4366 εἰς
951 4293 1005 4370 τήν
1029 4291 1202 4370 ἐκκλησίαν,
1226 4290 1278 4353 καὶ
1301 4289 1388 4354 εἰπεῖν

213 4398 268 4461 τδν
291 4397 408 4462 Βίαντα
436 4399 530 4486 σοφὸν
559 4399 786 4485 διηγησαμένας
811 4400 853 4460 τά
880 4397 949 4460 καθ’
980 4395 1100 4473 ἑαυτάς.
1155 4398 1207 4460 καὶ
1231 4397 1387 4479 ἀπεστάλη

215 4504 232 4566 ό
254 4506 389 4591 τρίπους·
420 4505 472 4568 καὶ
499 4506 516 4569 ό
540 4506 615 4581 Βίας
642 4505 712 4568 ίδὼν
737 4503 794 4593 ἔφη
817 4507 872 4568 τὸν
889 4504 1073 4569 Ἀπόλλωνα
1097 4505 1191 4592 σοφόν
1219 4500 1293 4568 εἶναι
1317 4506 1389 4570 οὐδὲ
1455 4523 1457 4527 ’

157 4647 160 4654 »
214 4615 401 4696 προσήκατο.
448 4611 477 4676 οί
490 4612 527 4676 δὲ
543 4614 683 4698 λέγουσιν
706 4611 738 4676 ἐν
754 4609 874 4700 Θήβαις
888 4620 932 4694 τῷ
948 4602 1099 4697 Ἠρακλεῖ
1113 4611 1205 4675 αὐτὸν
1221 4611 1387 4690 ἀναθεῖναι,

271 4727 438 4784 ultumam.
452 4729 487 4774 οι
502 4728 543 4775 ιιι
557 4741 609 4784 ιιι.
1194 4711 1211 4762 4
