3442 5324
942 409 984 476 64

350 640 449 702 seque
479 622 592 688 statim
623 624 665 688 ad
695 622 785 705 ipsos
821 625 967 691 homines
1000 626 1127 691 domum
1158 631 1307 690 tenentes
1338 631 1567 706 converterent,

350 729 547 812 praesertim
563 749 636 796 oum
660 731 693 796 in
715 731 958 812 antiquioribus
983 734 1165 815 tragoediis
1181 733 1300 798 chorus
1324 732 1425 798 multo
1442 731 1569 798 maioris

350 843 437 903 esset
463 837 617 904 momenti
642 855 736 919 quam
766 838 802 904 in
825 840 1074 906 recentioribus.
1123 841 1168 906 At
1195 845 1368 922 postquam
1397 840 1513 905 chorus
1535 859 1570 904 oa

349 965 414 1025 qua
437 949 514 1011 ante
539 947 649 1011 luerat
673 946 706 1011 vi
731 946 891 1028 paulatim
915 948 1066 1029 privatus
1091 953 1154 1030 est,
1184 948 1436 1028 haudquaquam
1460 948 1570 1012 mirum

349 1072 420 1119 esse
452 1059 573 1135 potest,
614 1054 700 1135 quod
732 1072 891 1135 personae
925 1055 1139 1122 advenientes
1172 1053 1231 1121 illo
1264 1055 1395 1120 omnino
1428 1054 1572 1136 neglecto

349 1161 495 1227 homines
519 1161 609 1227 intra
631 1161 729 1226 aedes
754 1168 924 1228 versantes
948 1161 1041 1243 ipsae
1066 1169 1205 1228 evocant
1227 1161 1248 1247 ).

438 1269 546 1349 Atque
569 1267 648 1349 quin
676 1287 835 1351 personae
866 1271 909 1334 ad
936 1270 1102 1350 quaslibet
1133 1288 1186 1335 res
1214 1271 1420 1352 peragendas
1449 1269 1571 1333 domum

349 1377 456 1458 ipsam
472 1376 648 1458 introeant,
674 1377 772 1442 etiam
790 1396 827 1442 eo
844 1376 1046 1458 prohibetur,
1071 1379 1157 1457 quod
1172 1377 1346 1443 homines
1363 1396 1456 1458 quos
1480 1375 1572 1441 illae

349 1484 534 1549 aditurae
558 1484 745 1550 santiam
769 1491 886 1549 antea
910 1483 988 1566 ipsi
1013 1484 1052 1549 in
1076 1503 1255 1550 scaenam
1280 1484 1520 1567 prodierunt.

436 1592 615 1672 Postquam
640 1590 725 1656 enim
749 1590 826 1656 inde
850 1611 870 1656 a
891 1609 990 1658 versu
1015 1591 1080 1656 315
1105 1591 1260 1658 Orestis
1284 1591 1418 1657 fabulae
1442 1590 1571 1656 Electra

349 1699 435 1764 domi
471 1697 643 1780 remansit,
683 1704 720 1764 ut
756 1698 899 1763 animum
938 1717 1120 1779 corpusque
1159 1717 1270 1764 somno
1310 1704 1477 1764 recrearet
1514 1697 1570 1781 (f.

347 1825 378 1872 v.
397 1807 460 1871 301
474 1804 547 1890 sq),
578 1825 644 1870 non
667 1805 770 1870 multo
798 1811 874 1887 post
902 1805 1027 1870 abitum
1057 1804 1174 1870 fratris
1203 1806 1237 1870 in
1266 1823 1419 1870 scaenam
1442 1822 1571 1870 reversa

334 1896 481 1979 chorum
509 1932 572 1992 quo
603 1912 661 1977 ille
691 1931 727 1976 se
756 1911 933 1977 contulerit
962 1911 1148 1992 interrogat
1176 1911 1219 1997 (v.
1238 1911 1327 1996 844).
1375 1911 1440 1976 Cur
1468 1916 1570 1976 autem

348 2028 425 2086 tunc
448 2021 554 2102 ipsum
579 2020 672 2084 domo
697 2019 896 2100 processerit
912 2018 1058 2100 Electra,
1083 2018 1305 2100 compluribus
1328 2019 1479 2086 versibus
1502 2025 1572 2099 post

348 2135 496 2210 apertum
521 2127 575 2192 fit:
608 2125 739 2194 obviam
764 2126 850 2191 enim
874 2126 966 2192 venit
989 2126 1103 2191 nuntio
1127 2126 1190 2208 illi,
1215 2126 1270 2206 qui
1295 2127 1374 2206 quid
1394 2125 1511 2208 Argivi
1536 2125 1571 2190 de

348 2236 465 2302 Oreste
489 2234 723 2314 decrevissent,
748 2232 814 2315 ipsi
837 2231 980 2298 referret
1003 2231 1046 2318 (r.
1065 2233 1233 2318 aer-58)
1257 2233 1309 2298 his
1333 2233 1460 2298 verbis:

563 2355 668 2446 ψήφῳ
694 2359 874 2442 Πελασγῶν
898 2354 956 2423 σὸν
980 2355 1174 2445 κασίγνητον
1197 2361 1316 2423 θανεῖν

561 2463 617 2532 καί
641 2462 680 2541 o',
704 2456 731 2530 ὦ
753 2461 890 2542 τάλαιν’,
914 2461 1007 2548 ε”δοξε
1030 2461 1101 2551 τῇδ’
1125 2461 1159 2529 ἕν
1184 2462 1298 2553 ἡμέρη,

437 2592 512 2660 Nisi
541 2592 626 2657 enim
657 2592 719 2657 hoe
748 2592 843 2657 modo
875 2592 1023 2656 nuntium
1056 2589 1139 2656 loris
1168 2590 1374 2672 retinuisset,
1407 2589 1480 2655 fieri
1512 2609 1570 2654 non

348 2701 510 2785 potuisset
533 2698 611 2780 quin
635 2697 693 2764 ille
717 2700 845 2766 domum
869 2705 1030 2780 pergeret.

438 2808 547 2888 Atque
571 2805 670 2872 etiam
695 2806 729 2871 in
753 2805 965 2888 Iphigenia
990 2804 1199 2870 Aulidensi
1223 2805 1463 2888 Clytaemestra
1487 2809 1571 2887 post-

348 2936 445 2999 quam
469 2913 632 2994 colloquio
661 2932 733 2979 cum
758 2912 888 2978 Achille
912 2911 1005 2978 finito
1030 2912 1175 2995 introiit,
1202 2912 1234 2977 in
1260 2931 1413 2977 scaenam
1438 2910 1570 2978 reverti·

349 3032 411 3105 tur,
436 3041 509 3088 cum
532 3022 618 3087 hano
641 3020 774 3086 simulet
797 3037 929 3086 oausam
954 3018 1223 3105 (v.1098-99):

562 3147 704 3236 ἐξῆλθον
728 3146 826 3211 οἴκων
849 3141 1180 3232 προσκοπουμένη
1204 3141 1337 3222 πόσιν,

561 3252 721 3344 χρόνιον
744 3249 897 3318 α’πόντα
920 3248 1209 3317 κάκλελοιπότα
1233 3247 1381 3335 στέγας.

350 3372 382 3431 et
404 3384 435 3431 v.
456 3364 692 3431 1103-1104:

561 3467 714 3558 μνήμην
738 3465 767 3533 δ’
790 3463 851 3554 ἄρ’
875 3459 982 3548 εἶχον
1005 3465 1147 3554 πλησίον
1169 3463 1347 3554 βεβηκότος

563 3574 800 3662 Ἀγαμέμνονος
822 3572 912 3641 τοῦδ’
937 3627 996 3642 ...

441 3812 459 3881 ¹)
479 3812 600 3877 Quocum
620 3807 761 3875 convenit,
782 3806 853 3873 quod
873 3822 906 3860 ea
924 3805 1033 3872 quidem
1052 3807 1123 3859 ratio
1143 3807 1171 3858 in
1191 3807 1225 3859 iis
1245 3803 1349 3859 fabulis
1368 3802 1435 3858 solis
1454 3801 1567 3856 adhibita

349 3902 498 3970 invenitur,
516 3915 585 3966 quse
605 3903 668 3967 post
686 3913 787 3951 anuum
806 3897 1107 3966 quadringentesimum
1126 3897 1294 3950 tricesimum
1318 3895 1484 3962 compositae
1502 3895 1567 3944 suut.

349 4009 402 4059 quo
421 3992 479 4044 lere
498 3995 620 4056 tempore
639 4002 767 4042 scaenam
786 4002 867 4054 super
886 3985 1053 4039 orchestram
1073 3985 1175 4038 elatam
1195 3999 1254 4038 esse
1273 3982 1438 4038 verisimile
1457 3987 1506 4036 est.

430 4080 472 4136 Ul.
492 4078 592 4146 Christ,
612 4077 643 4132 N.
657 4077 752 4133 Jahrb.
767 4075 787 4132 f.
802 4076 900 4131 Philol.
921 4075 972 4128 149
990 4090 1016 4142 p.
1031 4077 1083 4128 160
1093 4090 1131 4141 sq.

542 4211 553 4238 ,
611 4167 725 4222 Sitzber.
745 4165 854 4221 munch.
869 4165 957 4220 Ahad.
979 4163 1047 4218 1894
1067 4180 1091 4232 p.
1105 4165 1147 4220 47.

493 4257 524 4312 Ε.
539 4257 625 4312 Bethe
643 4256 661 4310 l.
675 4273 697 4313 c.
717 4272 742 4324 p.
757 4255 810 4309 208
820 4270 859 4321 sq.
1291 4315 1294 4320 ¹

350 4349 425 4416 Quae
445 4363 505 4401 oum
525 4349 566 4400 ita
586 4349 655 4412 sint,
682 4345 796 4399 erebus
816 4344 948 4398 scaenicis
967 4343 1034 4411 ipsis
1059 4341 1248 4412 cognoscitur,
1276 4357 1325 4396 cur
1342 4345 1425 4408 poeta
1444 4337 1568 4408 paulatim

350 4439 494 4492 aratione
516 4437 566 4490 illa
590 4436 744 4501 antiquiore
764 4433 928 4486 discesserit.
967 4433 1034 4486 Cum
1053 4434 1125 4485 enim
1148 4447 1281 4499 personae
1305 4429 1369 4483 illac
1393 4429 1503 4484 chorum
1520 4439 1568 4480 nou

350 4529 405 4581 iam
429 4533 494 4580 ante
518 4527 628 4579 ianuam
653 4526 739 4592 ipsum
763 4525 953 4588 corrneniront,
978 4538 1030 4574 non
1059 4520 1197 4574 habebant
1227 4535 1276 4573 cur
1299 4535 1360 4572 eum
1384 4521 1411 4572 in
1437 4517 1569 4573 orchestra

350 4615 498 4670 saltantem
519 4614 730 4680 alloquerentur.
