3496 5310
696 410 908 508 ‚M-

187 643 205 688 e
233 623 330 689 arelas
365 621 408 688 fr.
430 623 471 688 A.
491 622 557 688 299
587 621 688 688 naclns
718 620 840 689 facere.
897 629 986 710 post,
1003 621 1143 688 Ennium
1176 623 1257 690 haec
1288 628 1417 690 1111111

184 729 318 796 nomina
356 735 548 795 occurrunt:
598 730 684 811 apud
727 729 947 813 Vergilium
988 729 1092 797 cbaos
1129 729 1178 796 VI
1206 731 1286 813 265,
1331 731 1416 813 apud

186 837 394 904 Horatium
418 837 513 904 melos
537 855 564 904 c.
582 835 682 902 1114.
699 853 725 920 a,
750 859 823 920 epos
845 845 910 903 sat.
929 837 946 902 I
965 839 1015 904 10.
1028 855 1073 909 43.

276 946 307 1011 8.
350 943 551 1028 Quamquam
595 963 616 1010 1
654 944 878 1028 grammaticis
922 944 1076 1012 discimus
1123 946 1286 1012 nominum
1332 965 1417 1028 quae

187 1052 312 1118 Graeci
329 1071 389 1133 per
405 1077 478 1117 —am
499 1051 689 1134 terminant,
714 1074 750 1118 -n
766 1052 914 1119 litteram
931 1051 1078 1119 nltimam
1103 1053 1307 1120 subtractam
1332 1073 1416 1137 esse,

186 1159 236 1224 ita
271 1169 309 1224 ut
339 1181 371 1226 -c
401 1158 590 1224 terminatio
621 1159 716 1225 fieret
747 1159 885 1242 Latina,
921 1165 1041 1242 poetae
1071 1160 1133 1226 hac
1164 1179 1288 1242 qnoque
1319 1160 1353 1227 11
1379 1180 1417 1227 11

185 1266 354 1332 aratione
370 1267 656 1349 grammaticorum
674 1266 901 1349 orationisque
921 1268 1051 1334 solutae
1075 1268 1308 1334 discesserunt.
1341 1288 1416 1335 nam
1485 1257 1486 1262 ’

186 1373 303 1455 paucis
320 1373 505 1441 nominibus
522 1373 670 1456 exceptis
683 1375 847 1442 Graecam
864 1375 1129 1442 terminationem
1146 1396 1201 1442 -cn
1215 1413 1259 1423 -
1274 1398 1293 1443 c
1308 1377 1416 1443 vocali

184 1482 413 1563 producta-
437 1482 627 1547 servabant.
659 1482 773 1564 Apollo
789 1481 870 1548 deus
893 1482 1049 1548 Romanis
1073 1482 1155 1549 adeo
1178 1502 1242 1548 non
1267 1483 1417 1551 Graecus

185 1589 275 1656 visus
306 1593 372 1670 est,
403 1595 440 1654 ut
472 1608 514 1654 ne
545 1595 664 1671 poetae
692 1589 821 1671 quidem
847 1608 980 1672 usquam
1005 1590 1143 1673 Apollon
1173 1590 1332 1670 dicerent,
1358 1591 1417 1658 sed

186 1697 304 1778 ubique
335 1697 456 1780 Apollo.
503 1696 684 1762 Lucilius
715 1702 750 1762 et
783 1696 887 1763 latine
918 1697 1004 1763 dixit
1035 1698 1169 1764 Macedo
1202 1696 1255 1784 (fr.
1274 1698 1352 1784 204)
1382 1707 1417 1765 11

185 1821 307 1888 graece
331 1803 465 1870 Icadion
488 1801 545 1888 (fr.
564 1804 643 1890 824)
655 1803 689 1889 1).
738 1804 890 1870 inlibris
914 1804 1170 1872 Lucretianis
1194 1805 1414 1872 nominativus

185 1913 299 1980 borum
347 1911 510 1978 nominum
553 1930 618 1977 non
657 1917 785 1994 exstat,
832 1911 968 1978 Cicero
1007 1931 1137 1995 semper
1174 1931 1294 1996 graece
1332 1912 1417 1980 dixit

189 2019 289 2088 Orion
312 2028 347 2086 et
369 2021 523 2103 Procyon,
556 2018 635 2084 item
659 2019 843 2086 Catullus
877 2019 993 2086 Chiron
1018 2019 1123 2086 Conon
1149 2020 1277 2088 Oarion.
1320 2021 1416 2088 Ver-

184 2128 308 2212 gilius
348 2128 479 2193 nomina
521 2126 651 2194 Graeca
686 2147 707 2192 1
741 2127 926 2194 nominibus
965 2127 1126 2194 similibus
1167 2129 1327 2196 Italorum
1367 2129 1416 2196 111

184 2235 340 2314 seiunxit,
365 2240 403 2300 11
426 2234 493 2301 11111
518 2235 615 2301 daret
639 2234 902 2301 terminationem
924 2258 989 2316 -cn,
1014 2235 1066 2302 bis
1082 2259 1125 2303 -ο,
1160 2237 1291 2320 excepit
1307 2243 1415 2304 autem

183 2361 284 2409 unum
314 2361 433 2408 nomen
460 2341 651 2408 Etruscum:
692 2341 850 2422 Tarchon,
884 2362 948 2424 quo
979 2342 1092 2410 novies
1123 2361 1203 2410 usus
1234 2345 1415 2412 1110111-

182 2468 292 2516 cerum
324 2467 414 2515 more
445 2448 624 2514 terminans
663 2470 730 2528 on,
762 2449 861 2515 semel
892 2449 989 2533 (VIII
1012 2450 1091 2535 603)
1122 2450 1238 2518 latine:
1283 2452 1413 2519 Tarcho.

183 2573 250 2638 qna
280 2557 320 2622 de
351 2555 460 2622 forma
490 2555 686 2622 nominativi
718 2555 854 2622 Servius
885 2555 947 2641 (ad
972 2558 1055 2624 Aen.
1078 2557 1110 2622 X
1130 2556 1210 2644 153)
1242 2557 1325 2624 haec
1356 2579 1413 2626 ex-

182 2664 291 2747 ponit:
328 2659 398 2730 ‘tac
424 2684 535 2730 nomen
562 2663 675 2746 nbiyne
699 2685 809 2748 yraecc
831 2666 940 2746 posuit
969 2671 1090 2748 eccepto
1112 2686 1175 2730 nno
1199 2667 1235 2730 in
1270 2667 1348 2747 loco,
1379 2675 1415 2733 ul

182 2769 272 2839 ‘bant
295 2771 410 2856 procul
437 2771 511 2837 hinc
540 2771 662 2838 rareto
689 2779 717 2838 et
746 2767 913 2855 Tyrrheni'
943 2770 1057 2855 (VIII
1079 2777 1176 2857 603),
1211 2775 1293 2856 quaed
1324 2776 1415 2841 metri

183 2901 285 2948 cauea
298 2874 401 2963 sccit’.

274 2987 477 3056 Graecorum
502 2985 634 3052 nomina
658 2985 741 3052 haec
763 2985 991 3054 inveniuntur:
1101 3061 1105 3069 ,

272 3095 395 3162 Amnon
416 3094 560 3179 Aeyaecn
582 3097 690 3161 Acron
716 3095 909 3162 Automedon
931 3095 1050 3162 Acuca
1076 3096 1222 3164 Amazon
1247 3097 1414 3165 Oilbceron

184 3203 311 3271 otaraa
336 3201 445 3285 Cydon
467 3201 627 3285 Eurytion
649 3201 795 3268 Haemon
817 3201 932 3270 Idmon
947 3202 1092 3270 Iaccom
1106 3203 1237 3288 lycaon
1252 3205 1413 3272 Machaon

184 3308 285 3376 Orion
311 3307 498 3394 Pyymala'on
526 3308 713 3394 Pbleyetlron
741 3309 915 3376 Palaemon
945 3311 1065 3376 Patron
1090 3311 1205 3378 Pluton
1230 3312 1411 3394 Pyracmon

182 3417 347 3500 Sarpedon
369 3417 469 3483 Smon
494 3416 590 3483 Telon
616 3417 775 3484 Thaemon
801 3418 911 3483 Triton
940 3416 1101 3503 Ucalcyon.
1145 3418 1225 3485 Itali
1249 3420 1302 3486 vel
1327 3419 1410 3486 alius

181 3524 314 3608 generis
338 3531 416 3590 eunt
437 3522 543 3607 Hispo
566 3523 659 3607 Rapo
689 3524 804 3592 Umbro
827 3525 931 3610 Mayo.

271 3630 464 3698 Horatius
494 3631 599 3698 latine
629 3631 715 3697 dixit
742 3632 828 3698 Laco
860 3639 895 3698 et
925 3632 1072 3712 Macedo,
1106 3632 1267 3700 Graecam
1299 3634 1411 3700 termi-

181 3739 349 3808 nationem
378 3738 430 3806 bis
460 3738 495 3804 11
524 3738 707 3806 nominibus
737 3739 900 3806 servavit:
937 3741 1097 3823 Amyntan
1124 3741 1291 3807 Anacreon
1317 3741 1413 3809 Inion

181 3847 362 3914 Laomedon
383 3846 598 3914 Lacedaemon
624 3845 723 3914 01111
746 3847 906 3915 Ptaataa
929 3849 1073 3932 Procyon
1095 3849 1244 3915 Polemon
1269 3850 1411 3934 Porphy-

181 3957 254 4022 rion
275 3955 375 4021 Alcon
400 3954 561 4038 Cabylen.

272 4061 312 4128 Ι1
328 4061 479 4128 Tibulli
495 4060 685 4144 Properti
701 4061 818 4129 Ovidi
839 4062 934 4129 libris
958 4081 1029 4130 cum
1054 4063 1201 4130 nullum
1224 4061 1409 4130 huiusmodi

182 4189 298 4238 nomen
322 4174 510 4237 mutatum
534 4169 590 4251 sit,
614 4168 746 4253 singula
770 4188 961 4238 enumerare
986 4171 1194 4253 supersedeo.

272 4297 303 4362 9.
335 4293 443 4362 Multa
471 4293 605 4362 nomina
633 4295 762 4362 Graeca
785 4295 990 4378 Graecisque
1021 4315 1090 4362 cum
1123 4295 1409 4364 terminationibus

215 4519 225 4538 ‘
274 4511 293 4582 ¹)
313 4510 504 4566 Coniecturam
527 4525 544 4563 a
566 4508 733 4564 Baehrensio
755 4509 860 4564 factam
884 4511 912 4564 in
937 4509 1038 4564 11201
1065 4509 1177 4564 ‘Andro'
1202 4511 1314 4579 omitto,
1344 4512 1409 4578 quia

181 4601 215 4657 de
234 4602 428 4656 terminatione
447 4600 516 4654 certi
534 4599 602 4654 nihil
621 4601 691 4654 seire
709 4615 861 4668 possumus.

234 4741 413 4796 Sutehotts,
427 4741 561 4786 Devccrm
575 4741 728 4785 Graecum.
1283 4727 1301 4779 2
