<?xml version="1.0" encoding="UTF-8"?>
<!DOCTYPE html PUBLIC "-//W3C//DTD XHTML 1.0 Transitional//EN"
    "http://www.w3.org/TR/xhtml1/DTD/xhtml1-transitional.dtd">
<html xmlns="http://www.w3.org/1999/xhtml" xml:lang="en" lang="en">
 <head>
  <title>
</title>
<meta http-equiv="Content-Type" content="text/html;charset=utf-8" />
  <meta name='ocr-system' content='tesseract 3.04.00' />
  <meta name='ocr-capabilities' content='ocr_page ocr_carea ocr_par ocr_line ocrx_word'/>
</head>
<body>
  <div class='ocr_page' id='page_1' title='image "./deviatqueindole00cohngoog/deviatqueindole00cohngoog_0043.png"; bbox 0 0 3522 5310; ppageno 0'>
   <div class='ocr_carea' id='block_1_1' title="bbox 353 482 1528 2368">
    <p class='ocr_par' dir='ltr' id='par_1_1' title="bbox 353 482 1528 2368">
     <span class='ocr_line' id='line_1_1' title="bbox 354 482 1526 570; baseline 0 -22"><span class='ocrx_word' id='word_1_1' title='bbox 354 506 485 548; x_wconf 87' lang='lat' dir='ltr'>suasum</span> <span class='ocrx_word' id='word_1_2' title='bbox 524 485 581 548; x_wconf 90' lang='lat' dir='ltr'>tibi</span> <span class='ocrx_word' id='word_1_3' title='bbox 618 507 693 548; x_wconf 90' lang='lat' dir='ltr'>esse</span> <span class='ocrx_word' id='word_1_4' title='bbox 730 493 807 570; x_wconf 92' lang='lat' dir='ltr'>puto</span> <span class='ocrx_word' id='word_1_5' title='bbox 842 496 988 569; x_wconf 80' lang='lat' dir='ltr'>pateram</span> <span class='ocrx_word' id='word_1_6' title='bbox 1023 507 1089 548; x_wconf 91' lang='lat' dir='ltr'>non</span> <span class='ocrx_word' id='word_1_7' title='bbox 1124 482 1228 548; x_wconf 88' lang='lat' dir='ltr'>solum</span> <span class='ocrx_word' id='word_1_8' title='bbox 1265 484 1305 548; x_wconf 90' lang='lat' dir='ltr'>ad</span> <span class='ocrx_word' id='word_1_9' title='bbox 1341 485 1526 548; x_wconf 85' lang='lat' dir='ltr'>convivium</span> 
     </span>
     <span class='ocr_line' id='line_1_2' title="bbox 353 590 1528 680; baseline -0.003 -24"><span class='ocrx_word' id='word_1_10' title='bbox 353 591 523 680; x_wconf 80' lang='lat' dir='ltr'><strong>quadrare.</strong></span> <span class='ocrx_word' id='word_1_11' title='bbox 572 591 699 656; x_wconf 82' lang='lat' dir='ltr'>Deinde</span> <span class='ocrx_word' id='word_1_12' title='bbox 729 590 824 677; x_wconf 87' lang='lat' dir='ltr'>quale</span> <span class='ocrx_word' id='word_1_13' title='bbox 856 593 1042 655; x_wconf 88' lang='lat' dir='ltr'>convivium</span> <span class='ocrx_word' id='word_1_14' title='bbox 1067 603 1193 676; x_wconf 87' lang='lat' dir='ltr'>septem</span> <span class='ocrx_word' id='word_1_15' title='bbox 1219 593 1416 676; x_wconf 88' lang='lat' dir='ltr'>sapientium</span> <span class='ocrx_word' id='word_1_16' title='bbox 1441 591 1528 678; x_wconf 90' lang='lat' dir='ltr'>apud</span> 
     </span>
     <span class='ocr_line' id='line_1_3' title="bbox 353 695 1527 785; baseline -0.001 -22"><span class='ocrx_word' id='word_1_17' title='bbox 353 698 512 764; x_wconf 81' lang='lat' dir='ltr'>Croesum</span> <span class='ocrx_word' id='word_1_18' title='bbox 538 709 594 763; x_wconf 85' lang='lat' dir='ltr'>aut</span> <span class='ocrx_word' id='word_1_19' title='bbox 609 697 833 780; x_wconf 85' lang='lat' dir='ltr'>Periandrum,</span> <span class='ocrx_word' id='word_1_20' title='bbox 859 697 947 785; x_wconf 92' lang='lat' dir='ltr'>quod</span> <span class='ocrx_word' id='word_1_21' title='bbox 964 695 1091 763; x_wconf 82' lang='lat' dir='ltr'>Joelins</span> <span class='ocrx_word' id='word_1_22' title='bbox 1120 696 1346 782; x_wconf 79' lang='lat' dir='ltr'>„altlrynisch“</span> <span class='ocrx_word' id='word_1_23' title='bbox 1375 697 1527 784; x_wconf 88' lang='lat' dir='ltr'>appellnt,</span> 
     </span>
     <span class='ocr_line' id='line_1_4' title="bbox 353 803 1528 892; baseline -0.001 -21"><span class='ocrx_word' id='word_1_24' title='bbox 353 806 539 871; x_wconf 74' lang='lat' dir='ltr'><strong>Antistheni</strong></span> <span class='ocrx_word' id='word_1_25' title='bbox 597 805 765 891; x_wconf 87' lang='lat' dir='ltr'>exemplar</span> <span class='ocrx_word' id='word_1_26' title='bbox 810 804 917 887; x_wconf 85' lang='lat' dir='ltr'>fuerit,</span> <span class='ocrx_word' id='word_1_27' title='bbox 969 803 1161 890; x_wconf 79' lang='lat' dir='ltr'>intellegere</span> <span class='ocrx_word' id='word_1_28' title='bbox 1206 827 1343 891; x_wconf 88' lang='lat' dir='ltr'>prorsus</span> <span class='ocrx_word' id='word_1_29' title='bbox 1389 821 1528 892; x_wconf 86' lang='lat' dir='ltr'>nequeo,</span> 
     </span>
     <span class='ocr_line' id='line_1_5' title="bbox 354 911 1528 1000; baseline -0.001 -23"><span class='ocrx_word' id='word_1_30' title='bbox 354 915 547 1000; x_wconf 85' lang='lat' dir='ltr'>praesertim</span> <span class='ocrx_word' id='word_1_31' title='bbox 576 935 650 977; x_wconf 88' lang='lat' dir='ltr'>cnm</span> <span class='ocrx_word' id='word_1_32' title='bbox 674 915 746 998; x_wconf 91' lang='lat' dir='ltr'>ipse</span> <span class='ocrx_word' id='word_1_33' title='bbox 772 912 860 976; x_wconf 86' lang='lat' dir='ltr'>dicat</span> <span class='ocrx_word' id='word_1_34' title='bbox 882 936 912 998; x_wconf 92' lang='lat' dir='ltr'>p.</span> <span class='ocrx_word' id='word_1_35' title='bbox 933 912 1012 978; x_wconf 81' lang='lat'>760:</span> <span class='ocrx_word' id='word_1_36' title='bbox 1044 912 1132 991; x_wconf 88' lang='lat' dir='ltr'>„Vor</span> <span class='ocrx_word' id='word_1_37' title='bbox 1156 911 1232 976; x_wconf 89' lang='lat' dir='ltr'>dem</span> <span class='ocrx_word' id='word_1_38' title='bbox 1256 914 1286 976; x_wconf 83' lang='lat'>4.</span> <span class='ocrx_word' id='word_1_39' title='bbox 1304 912 1528 977; x_wconf 86' lang='lat' dir='ltr'>Jahrhundert</span> 
     </span>
     <span class='ocr_line' id='line_1_6' title="bbox 357 1018 1527 1105; baseline -0.002 -21"><span class='ocrx_word' id='word_1_40' title='bbox 357 1020 464 1084; x_wconf 84' lang='lat' dir='ltr'>haben</span> <span class='ocrx_word' id='word_1_41' title='bbox 489 1022 547 1084; x_wconf 87' lang='lat' dir='ltr'>wir</span> <span class='ocrx_word' id='word_1_42' title='bbox 570 1019 668 1084; x_wconf 85' lang='lat' dir='ltr'>keine</span> <span class='ocrx_word' id='word_1_43' title='bbox 705 1019 791 1105; x_wconf 85' lang='lat' dir='ltr'>Spur</span> <span class='ocrx_word' id='word_1_44' title='bbox 820 1020 879 1083; x_wconf 88' lang='lat' dir='ltr'>der</span> <span class='ocrx_word' id='word_1_45' title='bbox 914 1018 1083 1084; x_wconf 83' lang='lat' dir='ltr'>Tradition</span> <span class='ocrx_word' id='word_1_46' title='bbox 1114 1019 1174 1083; x_wconf 87' lang='lat' dir='ltr'>des</span> <span class='ocrx_word' id='word_1_47' title='bbox 1207 1019 1527 1104; x_wconf 87' lang='lat' dir='ltr'>Weisengastmahls</span> 
     </span>
     <span class='ocr_line' id='line_1_7' title="bbox 353 1125 1526 1204; baseline -0.002 -12"><span class='ocrx_word' id='word_1_48' title='bbox 353 1128 452 1192; x_wconf 78' lang='lat' dir='ltr'>thre</span> <span class='ocrx_word' id='word_1_49' title='bbox 479 1150 514 1190; x_wconf 91' lang='lat' dir='ltr'>es</span> <span class='ocrx_word' id='word_1_50' title='bbox 540 1127 598 1190; x_wconf 90' lang='lat' dir='ltr'>der</span> <span class='ocrx_word' id='word_1_51' title='bbox 622 1125 704 1204; x_wconf 85' lang='lat' dir='ltr'>Fall,</span> <span class='ocrx_word' id='word_1_52' title='bbox 730 1149 767 1190; x_wconf 89' lang='lat' dir='ltr'>so</span> <span class='ocrx_word' id='word_1_53' title='bbox 792 1137 877 1191; x_wconf 81' lang='lat' dir='ltr'>wttre</span> <span class='ocrx_word' id='word_1_54' title='bbox 902 1127 1002 1190; x_wconf 86' lang='lat' dir='ltr'>damit</span> <span class='ocrx_word' id='word_1_55' title='bbox 1027 1127 1079 1190; x_wconf 92' lang='lat' dir='ltr'>die</span> <span class='ocrx_word' id='word_1_56' title='bbox 1101 1125 1253 1191; x_wconf 77' lang='lat' dir='ltr'>Sokratilr</span> <span class='ocrx_word' id='word_1_57' title='bbox 1270 1149 1324 1191; x_wconf 90' lang='lat' dir='ltr'>um</span> <span class='ocrx_word' id='word_1_58' title='bbox 1340 1125 1404 1190; x_wconf 90' lang='lat' dir='ltr'>den</span> <span class='ocrx_word' id='word_1_59' title='bbox 1422 1125 1526 1190; x_wconf 87' lang='lat' dir='ltr'>Ruhm</span> 
     </span>
     <span class='ocr_line' id='line_1_8' title="bbox 354 1231 1527 1320; baseline -0.005 -20"><span class='ocrx_word' id='word_1_60' title='bbox 354 1234 520 1320; x_wconf 83' lang='lat' dir='ltr'>gebracht,</span> <span class='ocrx_word' id='word_1_61' title='bbox 558 1233 622 1298; x_wconf 93' lang='lat' dir='ltr'>den</span> <span class='ocrx_word' id='word_1_62' title='bbox 651 1232 941 1319; x_wconf 87' lang='lat' dir='ltr'>philosophischcn</span> <span class='ocrx_word' id='word_1_63' title='bbox 968 1231 1088 1318; x_wconf 90' lang='lat' dir='ltr'>Dialog</span> <span class='ocrx_word' id='word_1_64' title='bbox 1111 1232 1294 1318; x_wconf 83' lang='lat' dir='ltr'>begrtindet</span> <span class='ocrx_word' id='word_1_65' title='bbox 1318 1256 1358 1296; x_wconf 86' lang='lat' dir='ltr'>zu</span> <span class='ocrx_word' id='word_1_66' title='bbox 1387 1231 1527 1296; x_wconf 86' lang='lat' dir='ltr'>haben“.</span> 
     </span>
     <span class='ocr_line' id='line_1_9' title="bbox 353 1337 1528 1426; baseline -0.003 -20"><span class='ocrx_word' id='word_1_67' title='bbox 353 1343 423 1406; x_wconf 92' lang='lat' dir='ltr'>Nec</span> <span class='ocrx_word' id='word_1_68' title='bbox 447 1341 552 1426; x_wconf 89' lang='lat' dir='ltr'>magis</span> <span class='ocrx_word' id='word_1_69' title='bbox 578 1338 741 1425; x_wconf 86' lang='lat' dir='ltr'>intellego,</span> <span class='ocrx_word' id='word_1_70' title='bbox 778 1343 852 1403; x_wconf 82' lang='lat' dir='ltr'>&#39;cum</span> <span class='ocrx_word' id='word_1_71' title='bbox 876 1342 940 1404; x_wconf 89' lang='lat' dir='ltr'>iam</span> <span class='ocrx_word' id='word_1_72' title='bbox 964 1363 985 1403; x_wconf 91' lang='lat' dir='ltr'>a</span> <span class='ocrx_word' id='word_1_73' title='bbox 1007 1337 1113 1404; x_wconf 81' lang='lat' dir='ltr'>Joelio</span> <span class='ocrx_word' id='word_1_74' title='bbox 1138 1339 1317 1404; x_wconf 82' lang='lat' dir='ltr'>audiverim</span> <span class='ocrx_word' id='word_1_75' title='bbox 1343 1341 1528 1403; x_wconf 88' lang='lat' dir='ltr'>convivium</span> 
     </span>
     <span class='ocr_line' id='line_1_10' title="bbox 353 1445 1527 1533; baseline -0.003 -21"><span class='ocrx_word' id='word_1_76' title='bbox 353 1452 386 1514; x_wconf 90' lang='lat' dir='ltr'>in</span> <span class='ocrx_word' id='word_1_77' title='bbox 411 1447 534 1514; x_wconf 76' lang='lat' dir='ltr'>Calliae</span> <span class='ocrx_word' id='word_1_78' title='bbox 559 1447 655 1511; x_wconf 91' lang='lat' dir='ltr'>domo</span> <span class='ocrx_word' id='word_1_79' title='bbox 688 1447 809 1511; x_wconf 84' lang='lat' dir='ltr'>factum</span> <span class='ocrx_word' id='word_1_80' title='bbox 841 1469 926 1529; x_wconf 89' lang='lat' dir='ltr'>esse,</span> <span class='ocrx_word' id='word_1_81' title='bbox 964 1469 1003 1510; x_wconf 85' lang='lat' dir='ltr'>ca</span> <span class='ocrx_word' id='word_1_82' title='bbox 1032 1469 1115 1533; x_wconf 84' lang='lat' dir='ltr'>quae</span> <span class='ocrx_word' id='word_1_83' title='bbox 1145 1457 1327 1530; x_wconf 88' lang='lat' dir='ltr'>sequuntur</span> <span class='ocrx_word' id='word_1_84' title='bbox 1362 1445 1406 1532; x_wconf 90' lang='lat' dir='ltr'>(p.</span> <span class='ocrx_word' id='word_1_85' title='bbox 1433 1447 1527 1526; x_wconf 70' lang='lat' dir='ltr'>ib3):</span> 
     </span>
     <span class='ocr_line' id='line_1_11' title="bbox 356 1552 1527 1636; baseline -0.003 -16"><span class='ocrx_word' id='word_1_86' title='bbox 356 1555 466 1636; x_wconf 81' lang='lat' dir='ltr'>,Aber</span> <span class='ocrx_word' id='word_1_87' title='bbox 498 1554 591 1618; x_wconf 87' lang='lat' dir='ltr'>sollte</span> <span class='ocrx_word' id='word_1_88' title='bbox 616 1554 675 1618; x_wconf 86' lang='lat' dir='ltr'>das</span> <span class='ocrx_word' id='word_1_89' title='bbox 700 1553 957 1618; x_wconf 86' lang='lat' dir='ltr'>antisthenische</span> <span class='ocrx_word' id='word_1_90' title='bbox 990 1552 1162 1619; x_wconf 80' lang='lat' dir='ltr'>Gastmabl</span> <span class='ocrx_word' id='word_1_91' title='bbox 1193 1553 1284 1618; x_wconf 89' lang='lat' dir='ltr'>nicht</span> <span class='ocrx_word' id='word_1_92' title='bbox 1313 1553 1365 1617; x_wconf 92' lang='lat' dir='ltr'>bei</span> <span class='ocrx_word' id='word_1_93' title='bbox 1399 1554 1527 1617; x_wconf 78' lang='lat' dir='ltr'>Krdsus</span> 
     </span>
     <span class='ocr_line' id='line_1_12' title="bbox 354 1659 1527 1745; baseline -0.003 -19"><span class='ocrx_word' id='word_1_94' title='bbox 354 1660 565 1727; x_wconf 87' lang='lat' dir='ltr'>stattlinden?</span> <span class='ocrx_word' id='word_1_95' title='bbox 613 1660 708 1725; x_wconf 92' lang='lat' dir='ltr'>Doch</span> <span class='ocrx_word' id='word_1_96' title='bbox 741 1660 792 1723; x_wconf 91' lang='lat' dir='ltr'>ich</span> <span class='ocrx_word' id='word_1_97' title='bbox 825 1663 942 1743; x_wconf 84' lang='lat' dir='ltr'>meina,</span> <span class='ocrx_word' id='word_1_98' title='bbox 972 1660 1094 1745; x_wconf 78' lang='lat' dir='ltr'>genade</span> <span class='ocrx_word' id='word_1_99' title='bbox 1124 1660 1183 1726; x_wconf 85' lang='lat' dir='ltr'>das</span> <span class='ocrx_word' id='word_1_100' title='bbox 1208 1663 1250 1724; x_wconf 90' lang='lat' dir='ltr'>ist</span> <span class='ocrx_word' id='word_1_101' title='bbox 1273 1659 1527 1726; x_wconf 82' lang='lat' dir='ltr'>antisthenisch:</span> 
     </span>
     <span class='ocr_line' id='line_1_13' title="bbox 354 1765 1528 1853; baseline -0.004 -19"><span class='ocrx_word' id='word_1_102' title='bbox 354 1770 413 1834; x_wconf 87' lang='lat' dir='ltr'>das</span> <span class='ocrx_word' id='word_1_103' title='bbox 447 1767 531 1833; x_wconf 88' lang='lat' dir='ltr'>wohl</span> <span class='ocrx_word' id='word_1_104' title='bbox 560 1791 622 1831; x_wconf 91' lang='lat' dir='ltr'>nur</span> <span class='ocrx_word' id='word_1_105' title='bbox 652 1771 685 1831; x_wconf 91' lang='lat' dir='ltr'>in</span> <span class='ocrx_word' id='word_1_106' title='bbox 718 1767 777 1831; x_wconf 90' lang='lat' dir='ltr'>der</span> <span class='ocrx_word' id='word_1_107' title='bbox 811 1767 1020 1853; x_wconf 80' lang='lat' dir='ltr'>Erinnerung</span> <span class='ocrx_word' id='word_1_108' title='bbox 1055 1766 1212 1832; x_wconf 86' lang='lat' dir='ltr'>stebendc</span> <span class='ocrx_word' id='word_1_109' title='bbox 1250 1765 1528 1853; x_wconf 86' lang='lat' dir='ltr'>Schwelgermahl</span> 
     </span>
     <span class='ocr_line' id='line_1_14' title="bbox 353 1869 1527 1968; baseline -0.003 -28"><span class='ocrx_word' id='word_1_110' title='bbox 353 1877 438 1940; x_wconf 90' lang='lat' dir='ltr'>heim</span> <span class='ocrx_word' id='word_1_111' title='bbox 471 1875 644 1962; x_wconf 84' lang='lat' dir='ltr'>typischen</span> <span class='ocrx_word' id='word_1_112' title='bbox 674 1875 823 1950; x_wconf 81' lang='lat' dir='ltr'>Protzen,</span> <span class='ocrx_word' id='word_1_113' title='bbox 860 1874 946 1938; x_wconf 89' lang='lat' dir='ltr'>beim</span> <span class='ocrx_word' id='word_1_114' title='bbox 973 1869 1130 1939; x_wconf 70' lang='lat' dir='ltr'>&#39;falschen</span> <span class='ocrx_word' id='word_1_115' title='bbox 1159 1880 1301 1968; x_wconf 80' lang='grc' dir='ltr'>βασιλεύς</span> <span class='ocrx_word' id='word_1_116' title='bbox 1323 1873 1527 1960; x_wconf 86' lang='lat' dir='ltr'>gegentibcr-</span> 
     </span>
     <span class='ocr_line' id='line_1_15' title="bbox 354 1980 1527 2067; baseline -0.003 -20"><span class='ocrx_word' id='word_1_117' title='bbox 354 1981 512 2047; x_wconf 75' lang='lat' dir='ltr'>sustellen</span> <span class='ocrx_word' id='word_1_118' title='bbox 536 1981 595 2046; x_wconf 92' lang='lat' dir='ltr'>der</span> <span class='ocrx_word' id='word_1_119' title='bbox 619 1981 704 2045; x_wconf 91' lang='lat' dir='ltr'>eben</span> <span class='ocrx_word' id='word_1_120' title='bbox 720 1980 977 2046; x_wconf 82' lang='lat' dir='ltr'>stattfindenden</span> <span class='ocrx_word' id='word_1_121' title='bbox 992 1981 1175 2064; x_wconf 87' lang='lat' dir='ltr'>einfacben,</span> <span class='ocrx_word' id='word_1_122' title='bbox 1191 1983 1312 2067; x_wconf 87' lang='lat' dir='ltr'>geistig</span> <span class='ocrx_word' id='word_1_123' title='bbox 1328 1980 1527 2046; x_wconf 86' lang='lat' dir='ltr'>vornebmen</span> 
     </span>
     <span class='ocr_line' id='line_1_16' title="bbox 354 2087 1528 2186; baseline -0.002 -33"><span class='ocrx_word' id='word_1_124' title='bbox 354 2091 543 2186; x_wconf 79' lang='lat' dir='ltr'>Bewirtung</span> <span class='ocrx_word' id='word_1_125' title='bbox 567 2088 617 2152; x_wconf 92' lang='lat' dir='ltr'>bei</span> <span class='ocrx_word' id='word_1_126' title='bbox 634 2087 709 2152; x_wconf 92' lang='lat' dir='ltr'>dem</span> <span class='ocrx_word' id='word_1_127' title='bbox 726 2089 848 2152; x_wconf 87' lang='lat' dir='ltr'>weisen</span> <span class='ocrx_word' id='word_1_128' title='bbox 864 2087 1053 2169; x_wconf 82' lang='lat' dir='ltr'>Periander,</span> <span class='ocrx_word' id='word_1_129' title='bbox 1075 2087 1134 2152; x_wconf 89' lang='lat' dir='ltr'>der</span> <span class='ocrx_word' id='word_1_130' title='bbox 1151 2093 1294 2180; x_wconf 77' lang='grc' dir='ltr'>βασιλεύς</span> <span class='ocrx_word' id='word_1_131' title='bbox 1309 2087 1400 2152; x_wconf 90' lang='lat' dir='ltr'>nicht</span> <span class='ocrx_word' id='word_1_132' title='bbox 1414 2088 1528 2168; x_wconf 87' lang='lat' dir='ltr'>heisst,</span> 
     </span>
     <span class='ocr_line' id='line_1_17' title="bbox 354 2195 1527 2282; baseline -0.002 -22"><span class='ocrx_word' id='word_1_133' title='bbox 354 2196 433 2260; x_wconf 90' lang='lat' dir='ltr'>aber</span> <span class='ocrx_word' id='word_1_134' title='bbox 455 2198 506 2260; x_wconf 87' lang='lat' dir='ltr'>ist.</span> <span class='ocrx_word' id='word_1_135' title='bbox 544 2196 582 2259; x_wconf 93' lang='lat' dir='ltr'>In</span> <span class='ocrx_word' id='word_1_136' title='bbox 606 2195 732 2260; x_wconf 86' lang='lat' dir='ltr'>diesem</span> <span class='ocrx_word' id='word_1_137' title='bbox 756 2195 875 2260; x_wconf 88' lang='lat' dir='ltr'>Lichte</span> <span class='ocrx_word' id='word_1_138' title='bbox 899 2195 1063 2260; x_wconf 85' lang='lat' dir='ltr'>erecheint</span> <span class='ocrx_word' id='word_1_139' title='bbox 1083 2197 1121 2282; x_wconf 88' lang='lat' dir='ltr'>ja</span> <span class='ocrx_word' id='word_1_140' title='bbox 1145 2195 1205 2259; x_wconf 91' lang='lat' dir='ltr'>der</span> <span class='ocrx_word' id='word_1_141' title='bbox 1228 2195 1417 2280; x_wconf 83' lang='lat' dir='ltr'>Gastgeber</span> <span class='ocrx_word' id='word_1_142' title='bbox 1440 2195 1527 2258; x_wconf 87' lang='lat' dir='ltr'>Peri·</span> 
     </span>
     <span class='ocr_line' id='line_1_18' title="bbox 354 2299 913 2368; baseline -0.005 -1"><span class='ocrx_word' id='word_1_143' title='bbox 354 2302 457 2368; x_wconf 84' lang='lat' dir='ltr'>ander</span> <span class='ocrx_word' id='word_1_144' title='bbox 479 2303 563 2367; x_wconf 89' lang='lat' dir='ltr'>auch</span> <span class='ocrx_word' id='word_1_145' title='bbox 587 2302 638 2366; x_wconf 91' lang='lat' dir='ltr'>bei</span> <span class='ocrx_word' id='word_1_146' title='bbox 663 2299 828 2366; x_wconf 79' lang='lat' dir='ltr'>Plutarch.</span> <span class='ocrx_word' id='word_1_147' title='bbox 855 2356 860 2368; x_wconf 87' lang='lat'><em>.</em></span> <span class='ocrx_word' id='word_1_148' title='bbox 887 2307 913 2368; x_wconf 78' lang='lat'>.“</span> 
     </span>
    </p>
   </div>
   <div class='ocr_carea' id='block_1_2' title="bbox 354 2443 1529 3839">
    <p class='ocr_par' dir='ltr' id='par_1_2' title="bbox 354 2443 1529 3476">
     <span class='ocr_line' id='line_1_19' title="bbox 443 2443 1528 2531; baseline -0.001 -23"><span class='ocrx_word' id='word_1_149' title='bbox 443 2446 563 2508; x_wconf 85' lang='lat' dir='ltr'>Actum</span> <span class='ocrx_word' id='word_1_150' title='bbox 599 2456 650 2507; x_wconf 90' lang='lat' dir='ltr'>est</span> <span class='ocrx_word' id='word_1_151' title='bbox 685 2445 725 2508; x_wconf 90' lang='lat' dir='ltr'>de</span> <span class='ocrx_word' id='word_1_152' title='bbox 757 2443 854 2509; x_wconf 81' lang='lat' dir='ltr'>Joelii</span> <span class='ocrx_word' id='word_1_153' title='bbox 880 2445 1039 2510; x_wconf 81' lang='lat' dir='ltr'>Convivio</span> <span class='ocrx_word' id='word_1_154' title='bbox 1065 2444 1305 2526; x_wconf 84' lang='lat' dir='ltr'>Antisthenieo,</span> <span class='ocrx_word' id='word_1_155' title='bbox 1342 2445 1428 2531; x_wconf 91' lang='lat' dir='ltr'>quod</span> <span class='ocrx_word' id='word_1_156' title='bbox 1464 2459 1528 2508; x_wconf 83' lang='lat' dir='ltr'>tarn</span> 
     </span>
     <span class='ocr_line' id='line_1_20' title="bbox 355 2550 1529 2639; baseline -0.001 -23"><span class='ocrx_word' id='word_1_157' title='bbox 355 2555 461 2632; x_wconf 88' lang='lat' dir='ltr'>enixe,</span> <span class='ocrx_word' id='word_1_158' title='bbox 498 2552 557 2615; x_wconf 85' lang='lat' dir='ltr'>sed</span> <span class='ocrx_word' id='word_1_159' title='bbox 592 2550 712 2616; x_wconf 85' lang='lat' dir='ltr'>frustra</span> <span class='ocrx_word' id='word_1_160' title='bbox 748 2575 765 2614; x_wconf 93' lang='lat' dir='ltr'>e</span> <span class='ocrx_word' id='word_1_161' title='bbox 801 2552 881 2616; x_wconf 88' lang='lat' dir='ltr'>locis</span> <span class='ocrx_word' id='word_1_162' title='bbox 921 2552 1064 2639; x_wconf 90' lang='lat' dir='ltr'>undique</span> <span class='ocrx_word' id='word_1_163' title='bbox 1101 2554 1266 2638; x_wconf 68' lang='lat' dir='ltr'>elongastis</span> <span class='ocrx_word' id='word_1_164' title='bbox 1304 2550 1529 2636; x_wconf 87' lang='lat' dir='ltr'>conglutinare</span> 
     </span>
     <span class='ocr_line' id='line_1_21' title="bbox 355 2658 1528 2746; baseline 0 -24"><span class='ocrx_word' id='word_1_165' title='bbox 355 2659 488 2724; x_wconf 80' lang='lat' dir='ltr'>studuit.</span> <span class='ocrx_word' id='word_1_166' title='bbox 525 2659 607 2722; x_wconf 85' lang='lat' dir='ltr'>Nanr</span> <span class='ocrx_word' id='word_1_167' title='bbox 632 2681 673 2722; x_wconf 90' lang='lat' dir='ltr'>ne</span> <span class='ocrx_word' id='word_1_168' title='bbox 698 2661 759 2723; x_wconf 87' lang='lat' dir='ltr'>tria</span> <span class='ocrx_word' id='word_1_169' title='bbox 784 2659 914 2746; x_wconf 89' lang='lat' dir='ltr'>quidern</span> <span class='ocrx_word' id='word_1_170' title='bbox 940 2683 1023 2745; x_wconf 84' lang='lat' dir='ltr'>quae</span> <span class='ocrx_word' id='word_1_171' title='bbox 1049 2658 1207 2723; x_wconf 84' lang='lat' dir='ltr'>habemus</span> <span class='ocrx_word' id='word_1_172' title='bbox 1225 2660 1419 2744; x_wconf 81' lang='lat' dir='ltr'>Protreptici</span> <span class='ocrx_word' id='word_1_173' title='bbox 1444 2659 1528 2722; x_wconf 86' lang='lat' dir='ltr'>frus·</span> 
     </span>
     <span class='ocr_line' id='line_1_22' title="bbox 354 2765 1528 2850; baseline 0 -20"><span class='ocrx_word' id='word_1_174' title='bbox 354 2766 422 2830; x_wconf 86' lang='lat' dir='ltr'>tula</span> <span class='ocrx_word' id='word_1_175' title='bbox 445 2769 478 2830; x_wconf 93' lang='lat' dir='ltr'>in</span> <span class='ocrx_word' id='word_1_176' title='bbox 503 2766 563 2830; x_wconf 86' lang='lat' dir='ltr'>hoc</span> <span class='ocrx_word' id='word_1_177' title='bbox 590 2767 700 2830; x_wconf 88' lang='lat' dir='ltr'>lictum</span> <span class='ocrx_word' id='word_1_178' title='bbox 722 2769 908 2830; x_wconf 84' lang='lat' dir='ltr'>convivium</span> <span class='ocrx_word' id='word_1_179' title='bbox 934 2766 1112 2850; x_wconf 82' lang='lat' dir='ltr'>releganda</span> <span class='ocrx_word' id='word_1_180' title='bbox 1137 2789 1211 2830; x_wconf 83' lang='lat' dir='ltr'>osse</span> <span class='ocrx_word' id='word_1_181' title='bbox 1228 2765 1335 2831; x_wconf 82' lang='lat' dir='ltr'>Joclio</span> <span class='ocrx_word' id='word_1_182' title='bbox 1354 2765 1528 2831; x_wconf 80' lang='lat' dir='ltr'>concedes</span> 
     </span>
     <span class='ocr_line' id='line_1_23' title="bbox 354 2873 1528 2961; baseline -0.001 -24"><span class='ocrx_word' id='word_1_183' title='bbox 354 2874 469 2937; x_wconf 86' lang='lat' dir='ltr'>Nonne</span> <span class='ocrx_word' id='word_1_184' title='bbox 493 2876 609 2938; x_wconf 89' lang='lat' dir='ltr'>mirum</span> <span class='ocrx_word' id='word_1_185' title='bbox 633 2873 718 2938; x_wconf 87' lang='lat' dir='ltr'>foret</span> <span class='ocrx_word' id='word_1_186' title='bbox 741 2899 758 2938; x_wconf 87' lang='lat' dir='ltr'>c</span> <span class='ocrx_word' id='word_1_187' title='bbox 784 2877 927 2961; x_wconf 90' lang='lat' dir='ltr'>quinquo</span> <span class='ocrx_word' id='word_1_188' title='bbox 953 2875 1037 2938; x_wconf 85' lang='lat' dir='ltr'>illius</span> <span class='ocrx_word' id='word_1_189' title='bbox 1063 2878 1172 2961; x_wconf 84' lang='lat' dir='ltr'>operis</span> <span class='ocrx_word' id='word_1_190' title='bbox 1204 2875 1295 2938; x_wconf 85' lang='lat' dir='ltr'>libris</span> <span class='ocrx_word' id='word_1_191' title='bbox 1324 2876 1528 2960; x_wconf 85' lang='lat' dir='ltr'>potissimum</span> 
     </span>
     <span class='ocr_line' id='line_1_24' title="bbox 354 2980 1529 3067; baseline 0.001 -24"><span class='ocrx_word' id='word_1_192' title='bbox 354 2980 451 3044; x_wconf 90' lang='lat' dir='ltr'>huius</span> <span class='ocrx_word' id='word_1_193' title='bbox 476 2985 617 3045; x_wconf 89' lang='lat' dir='ltr'>convivii</span> <span class='ocrx_word' id='word_1_194' title='bbox 641 2981 822 3067; x_wconf 79' lang='lat' dir='ltr'>fragmenta</span> <span class='ocrx_word' id='word_1_195' title='bbox 846 2982 940 3046; x_wconf 91' lang='lat' dir='ltr'>nobis</span> <span class='ocrx_word' id='word_1_196' title='bbox 965 2993 1095 3046; x_wconf 82' lang='lat' dir='ltr'>servata</span> <span class='ocrx_word' id='word_1_197' title='bbox 1120 2981 1250 3066; x_wconf 35' lang='lat' dir='ltr'>esse?¹,)</span> <span class='ocrx_word' id='word_1_198' title='bbox 1297 2981 1339 3045; x_wconf 80' lang='lat' dir='ltr'>llt</span> <span class='ocrx_word' id='word_1_199' title='bbox 1363 2983 1391 3045; x_wconf 91' lang='lat' dir='ltr'>si</span> <span class='ocrx_word' id='word_1_200' title='bbox 1415 3002 1529 3044; x_wconf 78' lang='lat' dir='ltr'>verunt</span> 
     </span>
     <span class='ocr_line' id='line_1_25' title="bbox 355 3088 1529 3178; baseline 0.003 -26"><span class='ocrx_word' id='word_1_201' title='bbox 355 3099 444 3152; x_wconf 84' lang='lat' dir='ltr'>esset</span> <span class='ocrx_word' id='word_1_202' title='bbox 467 3089 699 3154; x_wconf 75' lang='lat' dir='ltr'>Antisthenen]</span> <span class='ocrx_word' id='word_1_203' title='bbox 724 3088 786 3152; x_wconf 90' lang='lat' dir='ltr'>tale</span> <span class='ocrx_word' id='word_1_204' title='bbox 813 3092 999 3153; x_wconf 87' lang='lat' dir='ltr'>convivium</span> <span class='ocrx_word' id='word_1_205' title='bbox 1032 3093 1217 3176; x_wconf 87' lang='lat' dir='ltr'>scripsisse,</span> <span class='ocrx_word' id='word_1_206' title='bbox 1255 3093 1343 3178; x_wconf 91' lang='lat' dir='ltr'>quod</span> <span class='ocrx_word' id='word_1_207' title='bbox 1370 3104 1416 3156; x_wconf 90' lang='lat' dir='ltr'>tot</span> <span class='ocrx_word' id='word_1_208' title='bbox 1444 3092 1529 3156; x_wconf 87' lang='lat' dir='ltr'>cole-</span> 
     </span>
     <span class='ocr_line' id='line_1_26' title="bbox 355 3197 1529 3283; baseline 0.003 -23"><span class='ocrx_word' id='word_1_209' title='bbox 355 3197 485 3260; x_wconf 87' lang='lat' dir='ltr'>berrimi</span> <span class='ocrx_word' id='word_1_210' title='bbox 511 3199 689 3283; x_wconf 87' lang='lat' dir='ltr'>scriptores</span> <span class='ocrx_word' id='word_1_211' title='bbox 718 3199 953 3283; x_wconf 83' lang='lat' dir='ltr'>respexissent,</span> <span class='ocrx_word' id='word_1_212' title='bbox 991 3199 1043 3261; x_wconf 91' lang='lat' dir='ltr'>cui</span> <span class='ocrx_word' id='word_1_213' title='bbox 1079 3207 1201 3262; x_wconf 84' lang='lat' dir='ltr'>tantam</span> <span class='ocrx_word' id='word_1_214' title='bbox 1236 3202 1301 3262; x_wconf 83' lang='lat' dir='ltr'>rim</span> <span class='ocrx_word' id='word_1_215' title='bbox 1330 3214 1362 3262; x_wconf 87' lang='lat' dir='ltr'>et</span> <span class='ocrx_word' id='word_1_216' title='bbox 1390 3203 1529 3264; x_wconf 87' lang='lat' dir='ltr'>auotori-</span> 
     </span>
     <span class='ocr_line' id='line_1_27' title="bbox 355 3303 1527 3390; baseline 0.002 -22"><span class='ocrx_word' id='word_1_217' title='bbox 355 3315 453 3368; x_wconf 85' lang='lat' dir='ltr'>tatem</span> <span class='ocrx_word' id='word_1_218' title='bbox 469 3304 596 3369; x_wconf 77' lang='lat' dir='ltr'>Joelius</span> <span class='ocrx_word' id='word_1_219' title='bbox 615 3305 735 3380; x_wconf 88' lang='lat' dir='ltr'>tribuit,</span> <span class='ocrx_word' id='word_1_220' title='bbox 761 3326 838 3368; x_wconf 90' lang='lat' dir='ltr'>num</span> <span class='ocrx_word' id='word_1_221' title='bbox 862 3315 958 3390; x_wconf 86' lang='lat' dir='ltr'>putas</span> <span class='ocrx_word' id='word_1_222' title='bbox 975 3303 1056 3367; x_wconf 88' lang='lat' dir='ltr'>nihil</span> <span class='ocrx_word' id='word_1_223' title='bbox 1072 3305 1167 3369; x_wconf 90' lang='lat' dir='ltr'>nobis</span> <span class='ocrx_word' id='word_1_224' title='bbox 1185 3305 1247 3370; x_wconf 86' lang='lat' dir='ltr'>hac</span> <span class='ocrx_word' id='word_1_225' title='bbox 1264 3307 1305 3371; x_wconf 90' lang='lat' dir='ltr'>de</span> <span class='ocrx_word' id='word_1_226' title='bbox 1323 3330 1357 3370; x_wconf 87' lang='lat' dir='ltr'>re</span> <span class='ocrx_word' id='word_1_227' title='bbox 1376 3307 1527 3372; x_wconf 84' lang='lat' dir='ltr'>traditum</span> 
     </span>
     <span class='ocr_line' id='line_1_28' title="bbox 354 3409 482 3476; baseline -0.031 0"><span class='ocrx_word' id='word_1_228' title='bbox 354 3409 482 3476; x_wconf 73' lang='lat' dir='ltr'>fuisse?</span> 
     </span>
    </p>

    <p class='ocr_par' dir='ltr' id='par_1_3' title="bbox 356 3536 1527 3839">
     <span class='ocr_line' id='line_1_29' title="bbox 445 3536 1527 3626; baseline 0.004 -26"><span class='ocrx_word' id='word_1_229' title='bbox 445 3537 579 3618; x_wconf 88' lang='lat' dir='ltr'>Vereor,</span> <span class='ocrx_word' id='word_1_230' title='bbox 605 3560 646 3600; x_wconf 87' lang='lat' dir='ltr'>ne</span> <span class='ocrx_word' id='word_1_231' title='bbox 683 3539 781 3600; x_wconf 84' lang='lat' dir='ltr'>uiuris</span> <span class='ocrx_word' id='word_1_232' title='bbox 809 3536 928 3620; x_wconf 91' lang='lat' dir='ltr'>longus</span> <span class='ocrx_word' id='word_1_233' title='bbox 972 3538 1034 3602; x_wconf 87' lang='lat' dir='ltr'>hac</span> <span class='ocrx_word' id='word_1_234' title='bbox 1065 3541 1098 3602; x_wconf 90' lang='lat' dir='ltr'>in</span> <span class='ocrx_word' id='word_1_235' title='bbox 1127 3563 1162 3602; x_wconf 89' lang='lat' dir='ltr'>re</span> <span class='ocrx_word' id='word_1_236' title='bbox 1199 3539 1325 3620; x_wconf 88' lang='lat' dir='ltr'>fuerim,</span> <span class='ocrx_word' id='word_1_237' title='bbox 1362 3541 1422 3604; x_wconf 89' lang='lat' dir='ltr'>scd</span> <span class='ocrx_word' id='word_1_238' title='bbox 1456 3563 1527 3626; x_wconf 84' lang='lat' dir='ltr'>gra·</span> 
     </span>
     <span class='ocr_line' id='line_1_30' title="bbox 357 3645 1527 3732; baseline 0.002 -25"><span class='ocrx_word' id='word_1_239' title='bbox 357 3647 493 3708; x_wconf 86' lang='lat' dir='ltr'>vissinra</span> <span class='ocrx_word' id='word_1_240' title='bbox 522 3646 669 3730; x_wconf 87' lang='lat' dir='ltr'>quaestio</span> <span class='ocrx_word' id='word_1_241' title='bbox 700 3667 738 3708; x_wconf 90' lang='lat' dir='ltr'>eo</span> <span class='ocrx_word' id='word_1_242' title='bbox 763 3647 867 3728; x_wconf 90' lang='lat' dir='ltr'>magis</span> <span class='ocrx_word' id='word_1_243' title='bbox 905 3645 1051 3731; x_wconf 89' lang='lat' dir='ltr'>pluribus</span> <span class='ocrx_word' id='word_1_244' title='bbox 1083 3646 1162 3708; x_wconf 84' lang='lat' dir='ltr'>nrihi</span> <span class='ocrx_word' id='word_1_245' title='bbox 1191 3646 1422 3732; x_wconf 87' lang='lat' dir='ltr'>pertractanda</span> <span class='ocrx_word' id='word_1_246' title='bbox 1450 3657 1527 3728; x_wconf 81' lang='lat' dir='ltr'>erat,</span> 
     </span>
     <span class='ocr_line' id='line_1_31' title="bbox 356 3751 1250 3839; baseline 0 -24"><span class='ocrx_word' id='word_1_247' title='bbox 356 3752 443 3839; x_wconf 94' lang='lat' dir='ltr'>quod</span> <span class='ocrx_word' id='word_1_248' title='bbox 468 3754 657 3837; x_wconf 90' lang='lat' dir='ltr'>ceteroquin</span> <span class='ocrx_word' id='word_1_249' title='bbox 682 3751 777 3816; x_wconf 82' lang='lat' dir='ltr'>Joelii</span> <span class='ocrx_word' id='word_1_250' title='bbox 803 3755 1009 3816; x_wconf 87' lang='lat' dir='ltr'>coniecturas</span> <span class='ocrx_word' id='word_1_251' title='bbox 1034 3751 1250 3836; x_wconf 59' lang='lat' dir='ltr'>neglegens-²)</span> 
     </span>
    </p>
   </div>
   <div class='ocr_carea' id='block_1_3' title="bbox 355 3999 1529 4232">
    <p class='ocr_par' dir='ltr' id='par_1_4' title="bbox 355 3999 1529 4232">
     <span class='ocr_line' id='line_1_32' title="bbox 447 3999 1529 4064; baseline 0.004 -12"><span class='ocrx_word' id='word_1_252' title='bbox 447 4003 466 4064; x_wconf 77' lang='lat'>¹)</span> <span class='ocrx_word' id='word_1_253' title='bbox 485 3999 525 4053; x_wconf 90' lang='lat' dir='ltr'>De</span> <span class='ocrx_word' id='word_1_254' title='bbox 537 4000 660 4052; x_wconf 85' lang='lat' dir='ltr'>Petronii</span> <span class='ocrx_word' id='word_1_255' title='bbox 672 3999 756 4052; x_wconf 81' lang='lat' dir='ltr'>&#39;Cena</span> <span class='ocrx_word' id='word_1_256' title='bbox 767 3999 985 4054; x_wconf 69' lang='lat' dir='ltr'>Trimalchionis</span> <span class='ocrx_word' id='word_1_257' title='bbox 997 4001 1079 4054; x_wconf 87' lang='lat' dir='ltr'>aliter</span> <span class='ocrx_word' id='word_1_258' title='bbox 1089 4001 1268 4054; x_wconf 88' lang='lat' dir='ltr'>iudicandum</span> <span class='ocrx_word' id='word_1_259' title='bbox 1279 4005 1334 4058; x_wconf 83' lang='lat' dir='ltr'>cst:</span> <span class='ocrx_word' id='word_1_260' title='bbox 1345 4019 1410 4055; x_wconf 81' lang='lat' dir='ltr'>nour</span> <span class='ocrx_word' id='word_1_261' title='bbox 1420 4001 1487 4056; x_wconf 80' lang='lat' dir='ltr'>haer</span> <span class='ocrx_word' id='word_1_262' title='bbox 1500 4007 1529 4056; x_wconf 85' lang='lat' dir='ltr'>ut</span> 
     </span>
     <span class='ocr_line' id='line_1_33' title="bbox 355 4089 1528 4160; baseline 0.002 -18"><span class='ocrx_word' id='word_1_263' title='bbox 355 4093 417 4144; x_wconf 87' lang='lat' dir='ltr'>tota</span> <span class='ocrx_word' id='word_1_264' title='bbox 431 4089 615 4142; x_wconf 83' lang='lat' dir='ltr'>Petroniauae</span> <span class='ocrx_word' id='word_1_265' title='bbox 627 4093 739 4142; x_wconf 84' lang='lat' dir='ltr'>saturae</span> <span class='ocrx_word' id='word_1_266' title='bbox 752 4090 859 4142; x_wconf 79' lang='lat' dir='ltr'>inserta</span> <span class='ocrx_word' id='word_1_267' title='bbox 870 4093 921 4153; x_wconf 85' lang='lat' dir='ltr'>est,</span> <span class='ocrx_word' id='word_1_268' title='bbox 935 4107 967 4142; x_wconf 84' lang='lat' dir='ltr'>ox</span> <span class='ocrx_word' id='word_1_269' title='bbox 983 4090 1158 4143; x_wconf 85' lang='lat' dir='ltr'>Antisthenis</span> <span class='ocrx_word' id='word_1_270' title='bbox 1172 4089 1305 4144; x_wconf 80' lang='lat' dir='ltr'>Convivio</span> <span class='ocrx_word' id='word_1_271' title='bbox 1325 4091 1435 4158; x_wconf 80' lang='lat' dir='ltr'>singula</span> <span class='ocrx_word' id='word_1_272' title='bbox 1454 4091 1528 4160; x_wconf 80' lang='lat' dir='ltr'>frag·</span> 
     </span>
     <span class='ocr_line' id='line_1_34' title="bbox 355 4181 701 4232; baseline 0 -2"><span class='ocrx_word' id='word_1_273' title='bbox 355 4181 451 4232; x_wconf 85' lang='lat' dir='ltr'>menta</span> <span class='ocrx_word' id='word_1_274' title='bbox 470 4183 582 4232; x_wconf 81' lang='lat' dir='ltr'>servata</span> <span class='ocrx_word' id='word_1_275' title='bbox 603 4188 701 4232; x_wconf 77' lang='lat' dir='ltr'>essent.</span> 
     </span>
    </p>
   </div>
   <div class='ocr_carea' id='block_1_4' title="bbox 355 4286 1528 4442">
    <p class='ocr_par' dir='ltr' id='par_1_5' title="bbox 355 4286 1528 4442">
     <span class='ocr_line' id='line_1_35' title="bbox 447 4286 1528 4356; baseline 0.001 -17"><span class='ocrx_word' id='word_1_276' title='bbox 447 4287 465 4349; x_wconf 75' lang='lat'>²)</span> <span class='ocrx_word' id='word_1_277' title='bbox 487 4287 523 4339; x_wconf 85' lang='lat' dir='ltr'>Ut</span> <span class='ocrx_word' id='word_1_278' title='bbox 551 4287 707 4355; x_wconf 83' lang='lat' dir='ltr'>intellegas,</span> <span class='ocrx_word' id='word_1_279' title='bbox 749 4286 846 4354; x_wconf 65' lang='lat' dir='ltr'>«quanti</span> <span class='ocrx_word' id='word_1_280' title='bbox 881 4287 962 4356; x_wconf 86' lang='lat' dir='ltr'>pretii</span> <span class='ocrx_word' id='word_1_281' title='bbox 997 4287 1057 4339; x_wconf 81' lang='lat' dir='ltr'>aliis</span> <span class='ocrx_word' id='word_1_282' title='bbox 1102 4305 1212 4355; x_wconf 86' lang='lat' dir='ltr'>quoque</span> <span class='ocrx_word' id='word_1_283' title='bbox 1249 4289 1276 4341; x_wconf 90' lang='lat' dir='ltr'>in</span> <span class='ocrx_word' id='word_1_284' title='bbox 1319 4289 1528 4356; x_wconf 75' lang='lat' dir='ltr'>quaestiouibus</span> 
     </span>
     <span class='ocr_line' id='line_1_36' title="bbox 355 4375 1527 4442; baseline 0.003 -15"><span class='ocrx_word' id='word_1_285' title='bbox 355 4375 436 4428; x_wconf 82' lang='lat' dir='ltr'>Joelii</span> <span class='ocrx_word' id='word_1_286' title='bbox 451 4377 626 4429; x_wconf 82' lang='lat' dir='ltr'>coniecturae</span> <span class='ocrx_word' id='word_1_287' title='bbox 647 4375 710 4440; x_wconf 83' lang='lat' dir='ltr'>sint,</span> <span class='ocrx_word' id='word_1_288' title='bbox 731 4376 794 4429; x_wconf 83' lang='lat' dir='ltr'>vido</span> <span class='ocrx_word' id='word_1_289' title='bbox 808 4379 839 4428; x_wconf 80' lang='lat' dir='ltr'>A.</span> <span class='ocrx_word' id='word_1_290' title='bbox 855 4376 985 4442; x_wconf 79' lang='lat' dir='ltr'>Doering,</span> <span class='ocrx_word' id='word_1_291' title='bbox 1004 4377 1204 4432; x_wconf 84' lang='lat' dir='ltr'>Woehenschr.</span> <span class='ocrx_word' id='word_1_292' title='bbox 1218 4377 1237 4431; x_wconf 84' lang='lat' dir='ltr'>f.</span> <span class='ocrx_word' id='word_1_293' title='bbox 1251 4377 1333 4430; x_wconf 83' lang='lat' dir='ltr'>klass.</span> <span class='ocrx_word' id='word_1_294' title='bbox 1349 4379 1446 4431; x_wconf 89' lang='lat' dir='ltr'>Philol.</span> <span class='ocrx_word' id='word_1_295' title='bbox 1462 4377 1527 4431; x_wconf 87' lang='lat'>1901</span> 
     </span>
    </p>
   </div>
   <div class='ocr_carea' id='block_1_5' title="bbox 356 4463 1528 4622">
    <p class='ocr_par' dir='ltr' id='par_1_6' title="bbox 356 4463 1528 4622">
     <span class='ocr_line' id='line_1_37' title="bbox 358 4463 1528 4540; baseline 0.006 -25"><span class='ocrx_word' id='word_1_296' title='bbox 358 4482 384 4516; x_wconf 88' lang='lat' dir='ltr'>n.</span> <span class='ocrx_word' id='word_1_297' title='bbox 404 4464 439 4516; x_wconf 78' lang='lat'>‘23</span> <span class='ocrx_word' id='word_1_298' title='bbox 452 4484 478 4533; x_wconf 90' lang='lat' dir='ltr'>p.</span> <span class='ocrx_word' id='word_1_299' title='bbox 499 4463 550 4518; x_wconf 75' lang='lat'>617</span> <span class='ocrx_word' id='word_1_300' title='bbox 575 4483 615 4532; x_wconf 83' lang='lat' dir='ltr'>sq.</span> <span class='ocrx_word' id='word_1_301' title='bbox 640 4469 669 4518; x_wconf 85' lang='lat' dir='ltr'>cb</span> <span class='ocrx_word' id='word_1_302' title='bbox 689 4465 719 4520; x_wconf 85' lang='grc' dir='ltr'>Ο.</span> <span class='ocrx_word' id='word_1_303' title='bbox 742 4468 831 4535; x_wconf 78' lang='lat' dir='ltr'>Apelt,</span> <span class='ocrx_word' id='word_1_304' title='bbox 858 4467 959 4520; x_wconf 82' lang='lat' dir='ltr'>Berlin.</span> <span class='ocrx_word' id='word_1_305' title='bbox 981 4467 1078 4524; x_wconf 88' lang='lat' dir='ltr'>Philol.</span> <span class='ocrx_word' id='word_1_306' title='bbox 1099 4467 1299 4524; x_wconf 82' lang='lat' dir='ltr'>Wochonsrhr.</span> <span class='ocrx_word' id='word_1_307' title='bbox 1322 4467 1385 4521; x_wconf 78' lang='lat'>190]</span> <span class='ocrx_word' id='word_1_308' title='bbox 1409 4487 1435 4522; x_wconf 91' lang='lat' dir='ltr'>n.</span> <span class='ocrx_word' id='word_1_309' title='bbox 1456 4469 1528 4540; x_wconf 73' lang='lat' dir='ltr'>asp.</span> 
     </span>
     <span class='ocr_line' id='line_1_38' title="bbox 356 4555 466 4622; baseline 0.027 -18"><span class='ocrx_word' id='word_1_310' title='bbox 356 4555 408 4605; x_wconf 67' lang='lat'>866</span> <span class='ocrx_word' id='word_1_311' title='bbox 427 4573 466 4622; x_wconf 78' lang='lat' dir='ltr'>sq.</span> 
     </span>
    </p>
   </div>
   <div class='ocr_carea' id='block_1_6' title="bbox 0 0 1771 5310">
    <p class='ocr_par' dir='ltr' id='par_1_7' title="bbox 0 0 1771 5310">
     <span class='ocr_line' id='line_1_39' title="bbox 0 0 1771 5310; baseline 0 0"><span class='ocrx_word' id='word_1_312' title='bbox 0 0 1771 5310; x_wconf 95' lang='lat' dir='ltr'> </span> 
     </span>
    </p>
   </div>
  </div>
 </body>
</html>
