3496 5310
937 421 959 486 6

335 636 532 722 Myscelos1)
560 637 623 704 XV
652 637 709 719 20,
753 638 859 705 Pelias
889 637 958 703 XII
988 637 1068 719 513,
1104 638 1230 705 Pharos
1257 639 1322 705 XV
1347 641 1427 723 287,
1466 643 1565 727 Tyros

336 743 400 811 XV
417 745 469 828 28,
494 744 606 812 Pelion
630 745 785 829 711224,
810 745 985 829 Ia'lyhaeou
1007 744 1094 811 XIII
1112 745 1186 812 726.

289 901 292 908 .
423 852 461 918 In
485 875 538 920 -as
561 852 680 920 finiunt
703 853 785 921 haec
809 853 955 919 nomina:

310 1001 315 1008 -
424 957 531 1044 Aryus
554 957 691 1027 Asbolus
715 957 828 1026 Aeolus
851 957 999 1027 Acrisius
1024 959 1152 1028 Aeaeus
1176 962 1340 1045 Ampycus
1362 961 1565 1045 Ascalaphus

324 1068 508 1151 'Apidanus
530 1066 672 1134 Acastus
695 1067 844 1134 Ancaeus
866 1065 1018 1134 Achelous
1037 1068 1213 1152 Autolycus
1229 1067 1411 1136 Assaracus
1426 1067 1565 1154 Amycus

335 1172 485 1242 Arcesius
520 1173 703 1242 Amenanus
730 1173 873 1259 Aaiyras
900 1173 1049 1242 Bacchas
1079 1174 1245 1242 Caucasus
1274 1174 1418 1260 Cynthus
1449 1176 1565 1244 cauus

338 1282 463 1366 Cycnus
488 1281 684 1366 Cyparissus
708 1282 843 1350 Carolus
868 1282 1025 1366 Cephalus
1055 1281 1223 1351 Corinthus
1253 1283 1405 1352 thaus
1430 1284 1566 1368 Capetus

339 1389 483 1456 Chruous
505 1388 674 1457 Daedalus
692 1388 872 1456 Dardanas
887 1389 1080 1472 Euphorbus
1095 1390 1260 1458 Erasinus
1275 1391 1388 1457 Eurus
1409 1391 1567 1474 Epaphus

224 1505 225 1510 ’
332 1497 504 1564 'Eridanum
540 1496 748 1581 Eurynomus
782 1497 977 1564 Enaesimus
1011 1497 1158 1582 Eurytus
1191 1498 1382 1582 Eurypylus
1415 1499 1567 1566 Euenus

336 1602 497 1690 Epycasn
531 1604 731 1688 Hippothous
764 1603 934 1691 Hippasus
967 1604 1109 1672 Helenus
1145 1604 1366 1688 Hellespontus
1403 1605 1567 1689 Hesperus

336 1711 621 1796 Hermaphroditus
651 1711 856 1795 Hymaiaeas
885 1711 1021 1779 Iacchus
1051 1711 1192 1780 Iacchus
1222 1713 1327 1780 Iactus
1354 1713 1470 1781 que
1493 1713 1567 1781 aas

212 1887 215 1891 .
335 1819 530 1903 Hippolytus
552 1818 726 1886 Lchiathus
748 1818 869 1886 liaeus
892 1819 1071 1904 Leucippus
1093 1819 1202 1904 Lycas
1225 1820 1410 1888 Melanthus
1430 1820 1567 1904 Mopsus

336 1927 512 2010 Morychus
542 1925 770 2010 Nebrophmus
800 1926 904 1995 Notas
933 1927 1059 1994 Nessus
1092 1926 1247 2011 Olympus
1279 1924 1436 1995 Orihaeas
1464 1927 1567 1994 Oresi-

337 2034 466 2118 trophus
504 2030 679 2101 Orchamus
717 2031 859 2102 Oceanus
897 2032 1019 2101 Oracas
1054 2034 1180 2102 Pindus
1215 2034 1359 2103 Phoebas
1396 2036 1567 2105 Parnasus

338 2141 462 2207 Peneus
491 2141 698 2226 Pamphayus
729 2141 892 2225 Pyramus
924 2141 1042 2208 Pholus
1074 2141 1237 2210 Pirithous
1269 2144 1408 2210 Pettalus
1441 2143 1568 2211 Phocus

338 2247 473 2316 Pr0etus
501 2247 624 2334 Pcryus
654 2247 797 2334 Peyasas
825 2248 1019 2316 Phaedimus
1042 2249 1196 2317 Priamus
1219 2250 1366 2335 Pyrrhus
1389 2250 1581 2335 Polydorus

337 2357 437 2424 Picus
464 2355 602 2423 Rhoetus
629 2356 761 2440 Sipylus
789 2357 916 2424 Silenus
946 2357 1075 2425 Taurus
1104 2357 1233 2424 Tmolus
1258 2358 1364 2425 Thous
1390 2359 1569 2426 Huscellas

340 2465 499 2542 Pardulae
536 2464 744 2547 Triptolemus
784 2464 936 2548 Telephus
976 2465 1147 2532 Thessalas
1187 2466 1383 2549 Tlepolemus
1426 2467 1569 2535 Tamus

338 2572 498 2640 Xanthus.

428 2679 459 2745 2.
503 2679 651 2746 Poetae
697 2678 948 2746 vetustiores
992 2679 1148 2746 nomina
1196 2699 1293 2762 qnae
1336 2680 1374 2746 in
1414 2682 1569 2748 Graeca

339 2786 478 2871 lingua
500 2787 539 2852 in
562 2808 627 2862 -ας
643 2785 697 2854 vel
713 2809 776 2874 -ης
799 2791 944 2852 exeunt
967 2787 1153 2870 genetivo
1176 2786 1213 2852 in
1234 2810 1300 2854 ·ov
1315 2793 1567 2872 excurrente,

339 2894 458 2978 plane
488 2893 616 2960 latine
645 2893 859 2960 flexerunt.
908 2894 1021 2975 itaque
1045 2894 1235 2961 terminatio
1259 2894 1454 2962 nominativi
1477 2896 1569 2962 nulla

341 3001 427 3085 apua
452 3019 507 3069 eos
531 3000 698 3068 invenitur
717 3001 780 3067 nisi
805 3025 834 3082 a,
857 3001 954 3068 xvelnt
970 3002 1057 3084 apud
1074 3002 1254 3068 Plautum
1272 3004 1400 3070 danista
1416 3005 1570 3086 imperita

340 3109 533 3194 sycophanta
557 3145 600 3157 —
624 3113 662 3174 ut
685 3109 773 3174 locos
796 3109 971 3175 nonnullos
1000 3109 1147 3175 afferam:
1181 3111 1297 3192 Amph.
1316 3109 1391 3177 606.
1437 3109 1568 3177 Curcnl.

340 3217 416 3286 420.
450 3215 546 3299 Epid.
564 3216 616 3283 66.
636 3215 710 3282 607.
745 3217 914 3282 Menaech.
935 3216 1030 3283 1087.
1061 3216 1335 3284 noscitatis
1360 3255 1402 3264 -
1427 3217 1569 3285 Leonida

341 3322 617 3410 (insincerae)
651 3323 758 3390 Clinia
786 3321 920 3408 (Bacch.
938 3324 1016 3408 912)
1048 3324 1162 3406 Apella
1190 3323 1412 3410 tepidare).
1464 3342 1569 3407 neque

342 3430 441 3498 aliam
472 3428 632 3496 rationem
663 3429 697 3494 in
721 3429 823 3496 Enni
854 3429 1053 3514 fragmentis
1082 3431 1203 3498 inveni.
1252 3431 1365 3513 itaque
1388 3431 1462 3516 tego
1488 3433 1568 3518 (frg.

343 3541 381 3605 A.
399 3537 452 3623 18)
463 3535 489 3622 ⁸)
510 3533 671 3604 ‘Anchisa’
689 3556 759 3603 cum
777 3537 958 3604 scholiasta
981 3537 1114 3622 (Veron.
1137 3538 1179 3605 ad
1197 3541 1279 3606 Aen.
1292 3537 1430 3625 11687),
1455 3558 1568 3621 quam-

342 3663 438 3728 quam
468 3641 631 3732 [Probus]
656 3644 699 3710 ad
723 3644 822 3729 Verg.
848 3645 906 3712 ecl.
929 3644 976 3711 VI
993 3645 1033 3710 31
1059 3641 1237 3712 ‘Anchises’
1263 3645 1378 3712 tradit.
1404 3665 1479 3712 narn
1504 3645 1570 3712 Aa·

333 3755 443 3821 'ahisar
467 3752 650 3835 posteriore
673 3757 820 3835 tempore
844 3754 887 3818 ab
911 3753 1058 3819 omnibus
1083 3752 1137 3833 qni
1160 3753 1221 3818 hoc
1244 3752 1374 3820 nornine
1401 3753 1452 3819 nsi
1480 3757 1568 3834 sunt,

344 3861 466 3928 dictum
498 3879 570 3926 esse
601 3859 686 3925 satia
718 3864 858 3941 constat.
906 3860 934 3925 si
964 3859 1067 3943 igitur
1098 3860 1243 3926 scholion
1275 3859 1357 3926 illud
1379 3860 1570 3928 Veronense

342 3977 362 4036 l.
378 3989 404 4035 c.
420 3968 527 4035 addit:
545 3963 689 4050 ‘peritum
705 3968 877 4034 multarum
892 3968 1135 4050 disciplinarum
1148 3965 1305 4035 Anchisae
1309 3968 1420 4053 fuisse
1436 3965 1569 4055 lilt114),

433 4147 453 4216 ¹)
465 4146 518 4200 Ita
545 4145 634 4200 acribo
663 4161 677 4200 e
704 4145 804 4199 Kornii
830 4143 963 4215 editione,
994 4161 1157 4212 quamquam
1185 4145 1292 4201 codices
1320 4165 1332 4200 ε
1360 4151 1389 4200 et
1417 4150 1432 4199 t
1462 4147 1571 4201 micilas

342 4237 487 4306 praebent,
513 4233 644 4305 mpecclus
669 4234 825 4289 emendarit
848 4235 969 4303 Scaliger
976 4253 982 4303 ;
1009 4234 1056 4288 aed
1080 4235 1202 4289 Karnine
1233 4250 1298 4289 num
1322 4235 1454 4290 lectiones
1477 4251 1571 4291 omnes

343 4326 491 4396 diligenter
510 4324 694 4392 adnotaverit,
714 4324 818 4380 dubito.

433 4415 453 4486 ²)
474 4414 515 4470 Cf.
535 4415 629 4484 pagA
648 4413 710 4470 adn.
723 4413 749 4470 3.

432 4503 453 4573 ⁸)
472 4503 606 4557 Numeros
619 4501 753 4571 adscripsi
766 4503 894 4557 editionis
908 4518 995 4557 navae
1005 4502 1130 4572 Vahlcni,
1143 4517 1307 4570 quemqnam
1320 4502 1451 4572 opusculo
1464 4502 1571 4557 demam

344 4593 446 4662 scripto
465 4594 494 4646 in
512 4607 610 4646 manns
629 4607 703 4647 meaa
722 4593 855 4660 pervenit.

433 4682 455 4753 ⁴)
474 4683 548 4737 Enni
566 4697 665 4738 nomen
682 4681 797 4751 periisse
815 4681 898 4738 Probi
916 4682 1075 4738 testimonio
1093 4681 1185 4751 palam
1202 4680 1242 4737 fit.
