3452 5316
922 443 964 508 36

372 653 410 720 τό
435 653 472 720 δὲ
501 652 567 721 όιτό
591 657 656 720 τῶν
687 651 809 741 ὀρνέων
841 658 913 723 δια·
1013 661 1060 743 τῷ
1106 656 1189 744 λόγῳ
1228 656 1454 746 προφέρουσι,
1500 661 1554 726 καὶ

373 759 614 849 σπαραττεται,
643 764 826 830 καὶταῦτα
856 762 914 852 ὑφ’
1012 763 1070 830 τόν
1104 764 1204 846 ἰχθὺν
1234 769 1281 850 τῷ
1315 763 1389 852 ἰδόῳ
1426 765 1553 851 σώματι

373 867 493 957 ἑτέρων
529 867 699 936 ἁλίσκεται
734 872 789 936 καὶ
825 868 913 938 διόλ-
1013 870 1073 960 τὴν
1097 871 1204 959 σάρκα
1226 876 1287 938 τοῦ
1310 871 1555 962 ναυαγήσαντος

372 978 483 1049 λυται,
518 975 564 1054 ὡς
597 977 701 1064 μηδὲν
733 970 819 1044 εἶναι
854 982 914 1044 τοῦ
1013 977 1232 1066 ἀναλαβόντα,
1262 978 1467 1047 καὶτούτων
1491 980 1554 1046 πό-

372 1082 590 1175 δνθρωτιίνου
637 1083 789 1168 σώματος
833 1083 913 1168 γνώ-
1012 1088 1064 1153 λιν
1091 1085 1219 1176 τροφὴν
1247 1083 1439 1177 ἀνθρώπων
1466 1087 1554 1173 γενό-

373 1216 487 1280 ρισμα.
1011 1218 1127 1277 μενον,
1160 1196 1215 1262 καὶ
1246 1193 1295 1271 εἰς
1324 1192 1382 1260 τόν
1411 1200 1472 1261 τοῦ
1501 1193 1554 1281 βε-

1011 1299 1178 1391 βριοκότος
1206 1300 1299 1387 όγκον
1326 1325 1553 1391 μετακεχωρη-

1011 1408 1091 1476 κότα
1115 1407 1173 1476 διὰ
1195 1413 1253 1497 τῆς
1276 1408 1423 1498 πέψεως.

327 1515 424 1596 621³
469 1511 595 1580 Οὐκοῦν
630 1517 689 1579 τοῦ
727 1511 913 1603 α’νθριόπου
968 1518 1008 1584 de
1032 1517 1113 1600 opis.
1133 1519 1197 1583 115
1235 1514 1294 1605 τὴν
1317 1516 1377 1600 μὲν
1401 1515 1553 1585 διάλυσιν

371 1619 409 1686 τό
441 1625 552 1706 σῶμα,
587 1621 643 1686 καὶ
674 1619 691 1686 ό
724 1619 823 1702 λχθός
858 1624 913 1689 καὶ
1011 1628 1071 1689 τοῦ
1102 1621 1255 1708 σώματος
1286 1623 1335 1700 εἰς
1368 1623 1410 1690 τὰ
1444 1625 1480 1709 ἒξ
1510 1615 1553 1690 ὧν

369 1725 408 1794 τό
431 1725 545 1814 όρνεσν
568 1729 622 1794 καὶ
646 1726 683 1795 τό
711 1728 834 1816 θηρίον
864 1728 913 1806 εἰς
1013 1729 1189 1819 συνέστηκε
1212 1732 1386 1817 γίγνεσθαι
1410 1784 1551 1800 .....

370 1833 411 1907 τὰ
436 1841 584 1917 στοιχεῖα
610 1833 713 1902 πάλιν
737 1833 912 1924 α’νὲδραμε,
1012 1839 1103 1925 (116)
1140 1837 1226 1905 ὅπου
1261 1837 1291 1906 δ’
1321 1836 1361 1905 όν
1394 1864 1447 1916 τις
1477 1837 1552 1906 καθ’

370 1943 425 2009 καὶ
458 1941 594 2010 ἕκαστον
623 1941 705 2010 ὅθεν
738 1946 911 2031 συνῆλθεν,
1011 1942 1383 2035 ότιόθεσινττεριενέγκῃ
1404 1945 1550 2032 τῷλόγῳ

370 2049 419 2126 εἰς
440 2049 543 2116 ε’κεῖνο
565 2049 746 2118 διαλύεται.
784 2049 825 2116 Et’
844 2051 912 2117 σοι’-
1010 2049 1068 2117 τόν
1112 2050 1310 2145 ἄνθρωπον,
1357 2053 1449 2132 ἐντὸς
1494 2058 1551 2120 τοῦ

371 2183 428 2222 νυν
455 2155 496 2223 τὰ
526 2163 673 2238 στοιχεῖα
701 2156 911 2239 διασώζεται,
1010 2157 1135 2244 κόσμου
1162 2159 1294 2238 πάντας
1322 2161 1422 2230 ἐστίν.
1474 2166 1550 2227 Τοῦ-

370 2266 426 2330 καὶ
451 2263 469 2352 ἡ
491 2269 551 2330 τοῦ
575 2263 735 2354 ἡμετέρου
760 2263 912 2349 σώματος
1009 2293 1067 2333 τον
1102 2267 1140 2334 δὲ
1174 2272 1215 2357 τῇ
1253 2269 1339 2358 χειρὶ
1374 2273 1435 2334 τοῦ
1468 2273 1549 2336 θεοῦ

370 2370 507 2462 α’φορμὴ
546 2370 807 2454 συνδιασώζειαι
845 2373 911 2450 καί,
1011 2381 1291 2466 περικρατεῖσθαι
1330 2375 1348 2464 ἡ
1390 2375 1548 2443 θεότινευ

371 2477 483 2559 ὅτανδ
501 2477 700 2570 δημιουργόςΙ
715 2481 808 2566 καλῇ,
827 2478 910 2545 πάν·
1012 2505 1088 2559 στος
1112 2481 1262 2550 διδάσκει
1286 2483 1390 2572 φωνὴ.

369 2612 411 2653 τα
434 2585 648 2668 πανταχόθεν
674 2585 873 2671 συλλέγεται.

414 2731 450 2797 Si
474 2732 546 2813 quis
575 2737 683 2796 antem
711 2731 746 2797 in
775 2732 1011 2798 dubitationem
1040 2735 1211 2800 vocaverit
1238 2735 1330 2800 illam
1359 2735 1547 2801 resurreeti-

327 2859 421 2905 onem
453 2858 648 2905 asseverans
683 2857 748 2904 non
777 2859 872 2921 posse
904 2840 1104 2922 adispersis
1133 2841 1304 2908 elementis
1331 2860 1449 2908 novam
1479 2861 1547 2909 ere·

326 2945 398 3011 nire
426 2945 544 3028 vitam,
576 2946 661 3012 sciat
691 2946 758 3011 iam
789 2953 939 3012 naturam
971 2951 1112 3028 probare
1143 2950 1326 3032 contraria,
1358 2950 1547 3031 saepissime

325 3053 411 3118 enim
449 3060 585 3118 mortem
625 3073 757 3119 causam
798 3073 869 3119 esse
908 3073 1013 3120 novae
1051 3055 1151 3121 vitae.
1213 3057 1374 3139 Exemplo
1414 3057 1548 3124 affertur

324 3179 433 3225 semen
467 3179 530 3225 non
568 3161 755 3242 germinare
790 3161 856 3225 nisi
896 3160 998 3227 luerit
1032 3163 1226 3229 dissolutum
1261 3165 1295 3228 in
1325 3170 1424 3230 terra.
1472 3165 1548 3231 Sata

325 3273 433 3333 autem
464 3273 497 3332 et
525 3270 661 3333 arbusta
690 3287 706 3333 e
730 3269 929 3349 putrefactis
953 3276 1027 3334 orta
1050 3269 1231 3336 seminibus
1258 3271 1359 3336 multo
1384 3272 1546 3354 puleriom

324 3374 398 3439 fieri
419 3393 515 3454 quam
539 3375 674 3458 semina,
700 3375 851 3455 equibus
876 3383 950 3441 orta
973 3377 1049 3442 sint.
1090 3378 1207 3458 Itaque
1232 3379 1348 3444 testari
1373 3379 1443 3460 illa,
1468 3399 1547 3460 quae

324 3481 524 3547 mirabiliter
553 3482 589 3546 in
617 3483 797 3548 seminibus
826 3483 921 3565 fiant,
953 3485 1205 3551 resurrectionis
1233 3487 1441 3570 mysterium,
1472 3486 1547 3568 quin

324 3589 424 3654 etiam
448 3589 601 3671 polliceri
625 3591 718 3655 deum
749 3610 814 3656 non
838 3591 942 3656 solum
966 3591 1000 3656 id
1024 3593 1110 3671 quod
1133 3593 1328 3659 dissolutum
1356 3593 1402 3659 sit
1435 3595 1470 3659 in
1493 3614 1546 3660 an·

323 3697 449 3777 tiquum
477 3703 598 3763 statum
622 3698 860 3779 restituturum,
886 3700 944 3763 sed
967 3699 1067 3764 etiam
1090 3719 1211 3782 magna
1239 3705 1272 3766 et
1294 3701 1469 3782 praeclara
1492 3721 1547 3767 na-

323 3811 416 3870 turae
451 3805 617 3870 hominum
652 3805 839 3871 additurum
876 3825 956 3872 esse.
1004 3807 1096 3872 Haeo
1131 3808 1334 3890 deprompsit
1368 3809 1497 3875 Aeneas
1531 3829 1547 3874 e

322 3911 454 3994 dialogo
472 3913 510 3977 da
527 3912 646 3978 anima.
673 3913 767 3994 (Anii.
785 3914 876 3996 621⁸
889 3915 1031 3997 -64,ι;
1054 3915 1152 3998 Greg.
1171 3917 1209 3981 de
1227 3916 1324 3981 anim.
1343 3917 1407 3982 256
1420 3917 1546 3998 B-D.)

323 4018 536 4084 Adhibendus
560 4020 659 4084 etiam
684 4026 734 4085 est
757 4021 847 4085 loeus
870 4021 1006 4087 haustus
1031 4041 1047 4088 e
1072 4024 1344 4090 commentatione
1368 4025 1547 4106 composita

323 4127 362 4190 de
394 4125 525 4205 opificio
558 4127 719 4211 hominis,
750 4147 844 4208 quem
877 4129 1007 4208 quidem
1040 4129 1170 4195 Aeneas
1206 4132 1377 4197 admodum
1413 4151 1431 4198 e
1465 4152 1545 4198 nexu

322 4233 619 4314 argumentationis
648 4236 814 4316 excerpsit
836 4237 1075 4311 „demonstrans
1103 4239 1424 4319 praestantissimum
1457 4239 1546 4305 tasti-

321 4340 464 4405 monium
494 4342 746 4407 resurrectionis
771 4363 842 4408 esse
870 4344 1046 4427 hominem,
1079 4344 1199 4426 quippe
1224 4346 1279 4425 qui
1310 4354 1407 4412 natus
1432 4367 1450 4412 e
1473 4365 1545 4428 par-

321 4446 400 4513 vula
435 4449 575 4528 quadam
611 4449 810 4530 informique
845 4451 986 4516 materia
1029 4451 1089 4517 fiat
1124 4452 1246 4518 animal
1285 4454 1544 4535 potentissimum

321 4553 612 4636 dignissimumque
637 4557 871 4624 admiratione:
