3442 5324
663 399 873 502 ..ν-

155 615 254 681 adeat
277 612 333 699 (cf.
359 635 389 680 v.
407 613 474 699 94),
499 614 584 694 quod
607 614 713 696 ipsam
735 613 872 696 Argivis
896 633 931 678 se
955 613 1127 678 ostendere
1150 613 1279 694 pudeat.
1320 613 1380 679 Cui

154 722 203 788 rei
237 721 426 802 quantulum
461 721 599 802 tribuat,
640 720 695 786 vel
727 722 803 786 inde
835 720 1045 802 cognoscitur
1083 721 1168 799 quod
1208 719 1380 786 consilium

155 828 310 894 Electrae
340 828 553 894 Hermionam
586 827 689 893 filiam
726 828 768 893 ad
798 828 981 909 sepulcrum
1013 825 1101 891 mitti
1129 826 1275 892 iubentis
1306 846 1381 909 pro-

155 939 234 1000 bare
257 954 323 1000 nou
346 935 476 1000 dubitat
499 934 556 1021 (cf.
582 955 611 1000 v.
631 934 711 1001 110:

368 1052 494 1126 καλῶς
517 1047 666 1134 ἔλεξας,
691 1048 889 1134 πείθομαί
912 1047 952 1116 τὲ
976 1072 1053 1127 σοι,
1076 1047 1198 1138 κόρη).

244 1169 335 1252 Quae
352 1167 438 1233 ratio
463 1187 537 1232 num
555 1173 627 1233 erat
650 1174 717 1232 tam
733 1187 820 1233 nova
835 1173 893 1232 aut
908 1164 1099 1248 singularis,
1124 1165 1217 1232 cuius
1233 1167 1381 1232 Helenae

153 1277 221 1359 ipsi
256 1275 290 1340 in
324 1281 464 1340 mentem
494 1274 607 1340 venire
643 1294 707 1339 non
737 1276 872 1356 posset?
918 1273 1054 1338 Minime
1084 1277 1179 1340 vero!
1226 1273 1290 1340 Sed
1319 1275 1381 1340 hoc

153 1384 285 1464 quidem
307 1382 402 1447 modo
427 1381 613 1463 Euripides,
637 1381 673 1446 id
696 1383 782 1462 quod
804 1386 1023 1464 spectaverat,
1049 1380 1168 1462 effecit,
1194 1387 1230 1446 ut
1251 1381 1381 1447 Helena

153 1491 189 1555 in
205 1509 326 1556 scaena
342 1489 416 1570 ipsa
429 1507 524 1553 sacra
538 1487 796 1572 Clytaemestrae
814 1487 966 1553 facienda
982 1493 1117 1569 pararet
1133 1487 1188 1570 (cf.
1202 1508 1233 1554 v.
1247 1488 1310 1553 128
1318 1487 1380 1574 sq.)

152 1603 252 1678 atque
285 1595 387 1662 filiam
418 1596 582 1678 edoceret,
614 1595 731 1675 quibus
761 1594 915 1677 precibus
945 1594 997 1680 illi
1028 1594 1239 1677 supplicaret.
1287 1595 1381 1679 Quod

152 1703 350 1784 simulatque
373 1700 524 1785 perfecit,
551 1702 584 1767 in
608 1701 735 1784 regiam
759 1701 946 1768 revertitur.
1234 1777 1235 1782 χ

244 1811 356 1890 Neque
381 1807 449 1874 alia
473 1810 511 1874 de
532 1827 633 1875 causa
655 1809 752 1874 initio
777 1808 1013 1890 Iphigeniae
1037 1808 1267 1875 Aulidensis
1291 1809 1380 1891 Aga-

152 1937 280 1984 memno
312 1936 384 1983 cunr
414 1935 491 1982 seue
522 1917 561 1981 de
591 1916 733 1982 tentorio
764 1916 926 1999 procedit,
960 1935 1055 1997 quem
1083 1935 1154 1981 cum
1185 1916 1308 1982 litteris
1338 1918 1381 1982 ad

154 2043 289 2089 uxorem
306 2023 414 2105 Argos
430 2023 541 2088 mittat
564 2023 620 2109 (cf.
638 2043 668 2088 v.
689 2024 729 2088 12
741 2022 814 2109 sq),
839 2024 946 2089 autin
964 2023 1125 2089 Electra
1145 2024 1291 2090 advenae
1307 2043 1379 2090 cum

154 2133 214 2197 illa
237 2137 315 2196 ante
342 2136 462 2195 tectum
491 2149 655 2196 sermones
680 2137 868 2211 conserunt,
900 2149 1093 2211 quamquam
1122 2129 1261 2196 maritus
1289 2131 1379 2196 illius

154 2241 220 2304 iam
245 2245 344 2303 antea
368 2238 448 2303 haec
472 2237 604 2303 dixerat
627 2236 669 2322 (v.
687 2237 871 2320 aot-om:

316 2359 455 2428 οὔκουν
479 2359 601 2428 πάλαι
625 2365 720 2449 χρῆν
743 2359 865 2428 τοῖσδ’
889 2358 1138 2442 ἀνεπτύχθαι
1161 2357 1304 2438 odiam

314 2466 465 2558 χωρεῖτ’
488 2467 527 2546 ἐς
550 2470 701 2545 οἴκους·
734 2465 808 2534 ἀντὶ
830 2465 892 2556 γὰρ
916 2471 1066 2557 χρηστῶν
1089 2465 1192 2554 λόγων

315 2576 430 2660 ξενίων
452 2573 619 2664 uvpp'cefl',
643 2568 690 2641 oi*
713 2573 791 2659 ἐμὸς
813 2573 928 2642 κεύθει
951 2573 1062 2659 δόμος.

243 2809 336 2892 Quod
370 2807 560 2873 interiorem
592 2808 720 2873 domum
755 2806 995 2890 spectatoribus
1030 2808 1200 2873 ostendere
1235 2827 1294 2889 per
1325 2827 1378 2873 res

152 2915 323 2982 scaenicas
346 2935 410 2981 non
434 2915 571 2996 licebat,
600 2914 777 2997 Euripides
802 2915 901 2980 etiam
925 2915 993 2979 alia
1016 2915 1145 2980 ratione
1169 2932 1380 2996 compensare

153 3022 273 3088 studet.
1167 3094 1169 3099 ,

243 3129 290 3196 Ut
319 3131 405 3195 enim
433 3129 616 3212 exemplum
646 3135 776 3195 secutus
805 3129 977 3211 Sophoclis
989 3128 1012 3213 1)
1045 3148 1083 3194 ca
1114 3147 1197 3208 quae
1227 3129 1293 3194 iam
1322 3148 1380 3194 an-

154 3244 208 3303 tea
243 3242 379 3319 peracta
413 3255 484 3303 esse
519 3242 661 3318 constat,
701 3236 791 3302 intra
831 3236 977 3301 fabulam
1015 3234 1122 3317 ipsam
1162 3237 1266 3301 denuo
1305 3254 1380 3318 pro-

154 3343 257 3426 ducit,
298 3343 347 3409 ita
383 3363 466 3410 unus
506 3363 547 3408 ex
583 3343 689 3424 poetis
725 3342 863 3425 tragicis
899 3361 980 3423 quas
1017 3362 1071 3408 res
1109 3343 1143 3407 iu
1177 3343 1271 3408 domo
1306 3342 1380 3424 ipsa

154 3450 272 3532 peragi
301 3457 435 3533 coeptas
465 3470 536 3516 esse
567 3449 621 3515 vel
651 3450 761 3516 verbis
791 3451 979 3516 nuntiorum
1009 3449 1063 3515 vel
1093 3448 1236 3514 clamore
1267 3449 1380 3515 audito

154 3563 356 3640 spectatores
387 3563 596 3639 acceperunt,
631 3577 687 3622 eas
718 3557 752 3622 in
782 3576 902 3623 scaeua
934 3557 1008 3638 ipsa
1040 3557 1083 3621 ad
1117 3555 1215 3620 finem
1244 3555 1380 3637 perduci

154 3664 248 3730 facit.
295 3663 409 3744 Neque
432 3664 568 3730 multum
591 3663 730 3730 interest
757 3663 844 3729 inter
866 3664 951 3729 hanc
979 3663 1140 3729 rationem
1164 3668 1262 3743 atque
1289 3662 1381 3727 fliam

155 3770 310 3852 quoiam
326 3771 510 3856 Aeschylus
535 3776 568 3836 et
584 3770 761 3853 Sophocles
784 3771 836 3836 usi
860 3776 950 3851 sunt;
983 3789 1119 3851 quorum
1143 3769 1178 3833 in
1202 3768 1381 3851 tragoediis

155 3877 303 3943 homines
327 3897 407 3958 quos
430 3877 559 3958 aliquid
582 3878 741 3944 facinoris
765 3878 854 3943 iutra
874 3879 1002 3942 domurn
1027 3877 1229 3942 commisisse
1253 3883 1381 3958 specta-

156 3993 244 4050 tores
272 3985 339 4050 iam
367 3992 567 4068 compertum
595 3985 730 4066 habent,
762 3985 828 4066 ipsi
857 3985 892 4048 in
923 4003 1075 4051 scaenam
1103 3983 1236 4066 prodire
1264 3983 1380 4064 solent,

156 4098 192 4158 ut
225 4098 284 4157 aut
313 4111 385 4158 curn
415 4092 565 4174 personis
596 4091 683 4158 forte
714 4092 749 4158 in
779 4111 898 4158 scaena
929 4092 1103 4174 agentibus
1134 4091 1173 4156 de
1204 4089 1294 4155 facto
1322 4090 1389 4154 illo·

155 4218 322 4265 sermones
357 4197 565 4285 conserantl)
601 4206 659 4265 aut
689 4198 817 4265 foribus
849 4197 1028 4281 patefactis
1058 4197 1165 4263 locum
1197 4195 1290 4262 illum
1319 4214 1381 4276 quo

156 4305 287 4388 egerint
308 4308 550 4389 spectatoribus
574 4313 763 4372 monstrent.

249 4502 258 4533 ¹
288 4501 330 4556 Cf.
368 4503 422 4557 .22
466 4546 471 4558 .

247 4501 268 4660 'i
289 4519 371 4646 Veluli
390 4517 536 4660 Ooidqipus
555 4608 626 4660 rex,
645 4594 692 4658 qui
710 4592 796 4646 oeulis
815 4591 948 4659 perfossis
968 4591 1045 4644 domo
1066 4591 1123 4644 exit
1143 4589 1190 4658 (cf.
1210 4605 1235 4656 p.
1249 4589 1303 4658 35).

1241 4697 1274 4750 5*
