3496 5310
811 423 833 488 9

718 515 928 524 -.---

206 639 462 705 declinationem
485 643 673 720 sequuntur.
721 656 857 720 qnorum
881 655 1077 722 permagnus
1101 644 1153 705 est
1177 657 1339 722 numanae,
1366 658 1438 706 cnm

207 746 298 812 inter
322 745 458 812 tertiam
489 745 743 812 declinationem
767 747 989 813 Rornanorum
1017 753 1052 812 et
1077 746 1153 814 illas
1184 765 1266 829 quas
1296 747 1438 813 nondum

122 910 127 920 .
208 853 423 936 contemplati
454 871 563 920 sumus
599 853 748 921 Graecas
775 853 850 936 plus
874 852 1100 920 similitudinis
1131 853 1191 935 sit,
1223 872 1321 936 quam
1351 853 1439 920 inter

209 969 363 1043 quartam
379 961 437 1028 vel
451 960 596 1042 quintam
609 960 764 1028 Latinam
784 966 818 1027 ot
831 979 889 1028 eas
906 979 987 1042 quas
1008 960 1077 1028 dixi
1094 961 1251 1029 Graecas.
1281 961 1439 1029 termina·

209 1068 318 1134 tiones
341 1071 395 1152 -is,
419 1090 472 1136 -us
489 1068 556 1154 (vel
571 1067 626 1154 -s),
646 1089 715 1148 -αω,
739 1070 797 1149 -ia,
821 1090 886 1154 -ya,
903 1089 960 1136 -an
985 1069 1061 1152 (a),
1086 1081 1136 1135 -or
1158 1073 1253 1135 tutae
1276 1073 1373 1134 erant
1396 1069 1439 1135 ab

209 1175 297 1242 omni
320 1175 514 1245 mutatione.
549 1181 587 1241 ut
602 1174 759 1242 nonnulla
779 1175 929 1258 exempla
952 1174 1097 1258 afferam,
1121 1174 1336 1242 inveniuntur
1353 1176 1441 1257 apud

208 1281 440 1349 Lucretium
472 1281 546 1350 Pna
577 1284 692 1350 dorem
726 1281 917 1368 Charybdis,
951 1284 1038 1365 apud
1070 1281 1296 1350 Ciceronem
1328 1282 1441 1350 Arcto-

203 1391 329 1474 phalea
350 1390 468 1458 Pallas
492 1390 596 1475 Titana,
622 1390 710 1473 apud
727 1390 924 1457 Catullum
945 1389 1058 1474 Phryx
1075 1390 1183 1457 Thetis
1198 1411 1282 1474 onya
1299 1388 1441 1474 Charyb-

208 1500 262 1565 dis
292 1503 326 1565 et
356 1503 484 1581 cetera,
515 1498 603 1580 apud
626 1496 848 1582 Vergilium
876 1496 976 1565 Paris
1007 1497 1186 1582 Charybdis
1213 1496 1350 1581 Tapuris
1372 1495 1441 1564 Iris

210 1606 330 1673 Pristis
371 1605 477 1674 Thess
516 1606 635 1674 Cisseis
677 1603 755 1690 Opis
793 1602 970 1690 Amaryllis
1015 1607 1123 1673 Aiacis
1167 1606 1288 1673 Adonis
1325 1605 1442 1672 Hector

210 1713 350 1780 Antenor
393 1713 496 1782 Areos
539 1713 654 1781 Pallas
698 1713 795 1781 Pleas
837 1713 965 1798 Dymas
1012 1712 1147 1782 Oahlacs
1191 1709 1280 1780 Abos
1326 1711 1441 1779 Pallas

211 1821 344 1909 (heros)
383 1822 480 1889 Titan
508 1821 660 1889 Acarnan
690 1821 832 1889 Phoenic
860 1821 956 1906 Erga
986 1821 1070 1906 Siga
1100 1821 1245 1907 nespas
1255 1819 1279 1906 1)
1311 1818 1440 1906 Adest

211 1928 417 1996 mmmm

302 2054 333 2121 ὃ.
365 2053 512 2122 Transeo
536 2055 579 2121 ad
602 2073 706 2138 genus
730 2053 904 2138 nominum,
929 2055 970 2121 de
994 2073 1067 2138 quo,
1092 2073 1163 2120 cum
1187 2059 1278 2120 recte
1301 2053 1442 2120 nondum

212 2161 389 2228 indicatum
421 2161 482 2246 sit,
523 2160 686 2244 copiosius
717 2162 880 2245 agendum
915 2161 988 2227 erit.
1050 2161 1158 2228 omnia
1191 2160 1277 2229 enim
1310 2159 1443 2227 nomina

211 2268 341 2350 quaein
354 2268 614 2353 Graecalingua
631 2269 664 2335 in
681 2293 754 2346 -ευς
769 2269 934 2352 desinunt,
952 2269 1125 2353 diptlrongi
1141 2267 1442 2352 pronuntiationem

215 2377 301 2458 apud
326 2383 442 2459 poetas
465 2376 514 2444 ita
536 2381 684 2460 servant,
708 2383 745 2444 ut
767 2399 837 2445 -eao
859 2397 918 2460 pro
941 2396 1007 2445 una
1029 2377 1074 2444 sit
1097 2377 1237 2461 syllaba.

306 2628 325 2698 ¹)
344 2627 510 2684 Ribbeckins
534 2627 653 2682 111703
678 2643 775 2696 parum
800 2632 875 2682 recte
900 2626 967 2682 mihi
993 2629 1135 2697 scripsisse
1161 2627 1271 2682 videtur
1290 2628 1443 2697 Aesopeos,

213 2735 277 2774 aum
304 2717 410 2792 aonias
436 2717 588 2786 praebeant
615 2701 835 2772 suasoriis
857 2717 885 2771 u
913 2716 1099 2774 annaeus
1121 2717 1172 2771 nv
1199 2715 1390 2772 sameas
1413 2715 1443 2772 r.

214 2808 252 2864 cf.
271 2808 334 2866 adn.
353 2809 379 2866 2.

306 2899 326 2966 ¹)
346 2897 480 2952 Sicorim
500 2896 672 2952 scribendum
696 2912 755 2951 asse
779 2897 918 2952 existimo:
943 2898 1009 2954 Aen.
1030 2897 1045 2952 I
1064 2898 1130 2966 741,
1149 2895 1190 2950 VI
1209 2897 1274 2964 796,
1294 2894 1363 2949 Vlll
1384 2895 1444 2952 136.

215 2989 354 3043 140.141.
393 3003 486 3042 omnes
511 2986 618 3040 codices
642 2985 744 3040 Atlans
769 2986 886 3041 tradunt
912 2991 941 3041 et
965 3002 1020 3040 nno
1044 2989 1155 3040 tantum
1178 2985 1313 3040 versiculo
1335 2984 1373 3038 IV
1391 2983 1443 3038 481

214 3077 297 3132 Atlas
321 3077 445 3131 traditur
470 3075 561 3130 codice
587 3076 617 3131 F.
644 3075 690 3130 sed
716 3077 772 3130 iam
795 3075 934 3130 Servius
956 3076 1057 3131 Atlans
1082 3075 1158 3130 nullo
1184 3075 1263 3129 modo
1290 3075 1318 3128 in
1338 3073 1446 3144 Vergili

213 3167 294 3222 libris
313 3168 401 3220 teneri
420 3181 499 3235 posse
512 3167 608 3234 sensit,
627 3167 674 3232 qni
688 3165 722 3220 ad
735 3165 807 3220 hunc
820 3181 930 3220 versum
948 3165 1014 3220 haec
1032 3164 1191 3220 adnotavit:
1215 3163 1321 3220 ‘Atlasr
1338 3163 1445 3218 uallum

214 3273 311 3312 nomeu
339 3255 474 3312 &aemam
498 3272 532 3311 aas
560 3254 739 3312 terminaturi.
784 3270 845 3310 cum
870 3255 1047 3325 Vergilius
1075 3255 1175 3321 ubique
1203 3255 1309 3309 Graeca
1334 3253 1445 3308 nomina

215 3362 327 3401 serrare
353 3345 478 3400 studeret
502 3361 589 3412 neque
614 3346 824 3399 terminationes
850 3345 889 3399 eis
915 3345 995 3399 daret
1013 3345 1130 3399 Latinas
1154 3345 1272 3398 maxime
1298 3343 1403 3398 alienas
1429 3359 1446 3396 a

216 3437 342 3504 Graecis,
368 3451 419 3505 ego
444 3435 554 3501 quidem
578 3440 687 3503 poetam
712 3433 791 3488 illum
810 3435 931 3489 Graecae
956 3435 1069 3504 linguae
1093 3434 1290 3503 peritissimum
1311 3447 1446 3499 nusquam

215 3525 319 3580 Atlaas
338 3525 440 3580 dixisse
459 3529 526 3594 puto
546 3524 592 3579 sed
612 3525 712 3590 ubique
730 3523 819 3579 Atlas.
849 3539 935 3590 neque
957 3523 1009 3578 hac
1032 3523 1065 3578 de
1087 3525 1226 3578 sententia
1245 3521 1352 3590 decedo,
1371 3525 1446 3590 post-

214 3630 298 3682 quam
310 3615 435 3684 Linguae
449 3615 565 3668 Latinae
578 3612 750 3669 Thesaurum
763 3615 879 3682 inspexi,
898 3614 1060 3681 praesertim
1077 3629 1139 3668 cum
1151 3629 1206 3667 non
1220 3613 1311 3666 omnia
1324 3609 1447 3679 exempla

215 3720 287 3771 quae
304 3703 355 3758 hoc
374 3705 402 3758 in
421 3719 502 3772 opere
520 3703 684 3772 afferuntur,
704 3704 774 3758 satis
793 3702 891 3757 idonea
910 3701 1064 3769 videantur,
1082 3703 1181 3768 quibus
1195 3702 1296 3756 Atlante
1310 3702 1365 3754 iam
1379 3715 1446 3754 aevo

216 3795 361 3863 Augustae
389 3793 498 3862 saepius
523 3792 628 3847 dictum
654 3809 713 3847 esse
738 3793 876 3860 probetur.
928 3807 991 3846 nam
1023 3796 1056 3846 ut
1084 3791 1237 3859 exemplum
1262 3789 1389 3858 afferam,
1415 3789 1446 3843 in

217 3884 410 3938 Germanici
433 3883 544 3937 Arateis
563 3881 626 3952 (264
645 3881 795 3952 Baehrens)
821 3881 903 3936 Atlas
927 3881 1016 3936 forma
1041 3881 1138 3936 melius
1164 3880 1271 3936 tradita
1296 3884 1340 3935 est
1364 3894 1446 3947 qnam

217 3973 320 4027 Atlans
339 3972 381 4026 vel
400 3972 520 4026 Athletas
539 3971 672 4042 (aditione
691 3973 728 4040 A,
747 3971 910 4040 collaterali,
930 3971 991 4025 alas
1010 3970 1066 4040 BP,
1085 3971 1176 4024 ollulas
1197 3969 1259 4040 OS).
1292 3969 1326 4023 In
1345 3967 1446 4022 Ovidi

217 4062 357 4118 codicibus
383 4063 492 4130 saepius
510 4060 594 4116 Atlas
617 4061 735 4115 iormam
754 4065 864 4114 exstare
882 4076 964 4127 quam
982 4059 1083 4114 Atlans
1102 4076 1117 4114 e
1135 4059 1276 4113 Thesauro
1303 4074 1357 4113 non
1376 4058 1446 4111 satis

217 4156 340 4221 apparet.
373 4150 454 4218 quod·
471 4155 534 4219 post
560 4166 658 4206 aerum
680 4152 853 4220 Augusteum
872 4149 974 4204 Atlans
999 4149 1090 4203 forma
1116 4147 1225 4202 videtur
1251 4148 1360 4216 saepius
1386 4161 1446 4201 esse

218 4240 357 4310 adhibita,
377 4239 445 4294 nihil
456 4240 498 4312 'ad
518 4255 598 4295 usum
616 4240 808 4309 Vergilianum
826 4238 897 4292 iacit
916 4238 1107 4309 (conferantur
1126 4240 1198 4292 enim
1216 4252 1286 4304 quae
1305 4237 1338 4290 de
1355 4236 1447 4291 forma

217 4331 424 4385 terminationis
448 4346 492 4384 -no
515 4346 563 4398 pro
585 4345 611 4384 ·s
635 4330 743 4398 positae
768 4329 890 4396 Lindsay
916 4328 987 4381 dixit
1012 4329 1041 4382 in
1066 4327 1137 4382 libro
1163 4327 1196 4381 de
1222 4327 1319 4396 lingua
1345 4326 1447 4379 Latina

218 4423 321 4489 scripto
349 4451 383 4458 -
412 4419 546 4475 versionis
571 4419 750 4473 Germanicae
776 4434 839 4488 pag.
857 4417 893 4473 80
920 4449 954 4458 -
981 4425 1009 4472 et
1033 4416 1183 4472 Buecheler
1207 4415 1372 4471 ‘Gmadrass
1399 4415 1447 4469 der

218 4509 395 4566 walchelmo
412 4507 599 4564 Delliaatioa'
625 4525 688 4579 pag.
701 4507 738 4578 5).
775 4508 863 4563 Servii
880 4508 990 4574 quidem
1008 4507 1196 4562 testimoninm
1218 4505 1307 4574 pluris
1330 4505 1446 4560 aestimo

218 4614 300 4666 quam
318 4598 425 4654 codices
443 4603 488 4654 tot
505 4597 573 4653 locis
592 4598 786 4666 discrepantes.
