3496 5310
888 381 932 448 58

288 597 370 678 iam,
389 595 574 680 antiquitus
598 615 621 662 a
642 593 782 664 Graecis
806 595 911 662 multa
934 595 968 662 in
992 615 1173 664 sermonem
1197 595 1399 666 cotidianum
1421 597 1532 664 intro-

298 703 480 770 duxissent.
528 722 722 786 quamquam
754 702 914 785 pleraque
945 703 1005 782 ori
1021 702 1143 772 Latino
1175 704 1339 787 adaptata
1369 710 1461 788 suut,
1494 713 1533 771 ut

295 812 428 897 6616666
451 818 575 879 orama
593 811 811 896 camicuoium
834 847 877 858 -
901 811 983 876 haec
1007 810 1100 890 crum⁴
1118 807 1224 878 forma
1248 810 1415 882 aOatullo
1435 811 1532 878 adhi-

279 918 370 988 bita
399 916 483 1002 uatis
496 989 499 996 .
514 925 566 986 est
599 918 738 1000 antiqua
770 953 814 979 —-
846 919 1000 998 66666666
1032 919 1200 1001 multaque
1235 917 1317 1001 alia,
1353 923 1465 986 tamen
1498 918 1533 986 in

299 1025 465 1092 nonnullis
489 1025 652 1092 Graecam
684 1022 824 1092 formam
854 1028 1023 1102 servatam
1054 1041 1137 1092 esse·
1158 1031 1280 1107 putare
1310 1025 1400 1092 licet.
1447 1045 1534 1109 quae

299 1134 387 1208 iuter
417 1133 549 1216 nomina
581 1151 697 1204 vocem
723 1150 862 1198 numero
898 1127 1158 1216 ς6666666666,
1195 1133 1286 1200 cuins
1322 1132 1534 1200 accusativus

276 1307 279 1314 ,
298 1241 425 1306 idcirco·
446 1260 466 1306 a
482 1240 614 1324 Catullo
638 1235 883 1324 ‘palimpsestoc'
899 1239 972 1306 fieri
988 1239 1111 1322 potuit,
1146 1239 1211 1308 nisi
1227 1238 1375 1322 plerique
1391 1239 1533 1306 Romani

300 1348 451 1420 Graecae
474 1347 609 1431 linguae
629 1345 783 1414 notitiam
801 1347 965 1429 quandam
982 1347 1186 1431 habuissent,
1211 1365 1378 1430 nunquam
1394 1347 1533 1415 Plauti

299 1455 486 1522 comoediae
516 1455 564 1521 616
595 1454 813 1537 placuissent,
846 1473 916 1521 cum
940 1455 1105 1538 permulta
1128 1455 1324 1539 intellegere
1347 1473 1413 1521 non
1436 1459 1533 1538 uotu-

299 1563 413 1632 issent.
454 1581 546 1646 ¹nam
586 1566 677 1628 totas
715 1561 919 1628 elocutiones
957 1563 1056 1644 plane
1096 1562 1244 1630 Graecas
1282 1561 1318 1628 in
1358 1562 1535 1632 comoediis

299 1671 463 1739 Plautinis
487 1669 672 1752 invenimus
702 1674 740 1736 nt
770 1671 804 1736 in
829 1669 1006 1737 Pseudolo:
1038 1661 1066 1736 ὦ
1088 1672 1155 1736 Ζεῦ
1177 1669 1281 1756 (443),
1305 1666 1404 1759 χάριν
1425 1667 1533 1756 comp

299 1780 388 1844 ποιῶ
411 1777 513 1864 (112)
537 1776 594 1843 καὶ
616 1779 714 1850 τοῦτο
738 1776 793 1844 ναὶ
815 1773 878 1866 γάρ
901 1776 1014 1864 (483),
1046 1777 1100 1846 vel
1131 1777 1163 1844 in
1188 1777 1318 1854 Sticho:
1351 1773 1371 1866 ἢ
1398 1773 1533 1865 πέντ’ἢ

214 1894 216 1898 ’
299 1883 377 1975 τρία
400 1882 469 1952 πῖν’
492 1881 581 1974 ἢμὴ
603 1880 744 1973 τέτταρα
767 1883 871 1972 (207).
919 1884 1068 1952 Graecas
1097 1903 1177 1952 vero
1205 1885 1457 1952 terminationes
1479 1884 1534 1950 hic

300 2013 365 2063 non
389 1992 554 2076 servavit,
586 1993 645 2058 sed
675 1993 823 2074 qualibet
845 1993 976 2072 ratione
999 1993 1048 2060 ori
1072 1993 1194 2060 Latino
1217 1992 1418 2076 adaequavit
1440 1993 1533 2060 velut

300 2097 420 2168 ‘celetur³
445 2100 668 2177 accusativum
694 2119 714 2168 a
732 2102 830 2188 κῆτος
846 2100 978 2173 ductum
1003 2099 1199 2187 (1161315),
1224 2096 1366 2184 ‘Oedipo'
1383 2099 1533 2167 dativum

301 2209 343 2274 ah
366 2205 528 2285 Οἰδίπους
558 2207 677 2293 (Poen.
703 2207 796 2292 443).
843 2208 958 2290 itaque
989 2206 1103 2274 mirari
1132 2227 1198 2275 nou
1229 2226 1415 2291 possumus,
1447 2208 1533 2291 quod

300 2311 492 2384 ‘Pentheum‘
516 2315 608 2390 dixit,
630 2313 746 2401 (More.
765 2315 843 2400 469)
876 2334 941 2395 nou
964 2315 1118 2398 Pcrctloeu,
1148 2321 1186 2392 ut
1216 2316 1320 2383 ceteri
1350 2319 1467 2398 poetae
1497 2315 1534 2381 in

301 2423 449 2495 versibus
465 2423 585 2506 herois,
611 2423 727 2505 quibus
743 2441 826 2493 sune
841 2422 966 2498 Latina
983 2423 1090 2491 torma
1111 2442 1189 2506 non,
1210 2429 1248 2491 ut
1263 2421 1323 2504 illi,
1349 2427 1431 2504 apta
1447 2426 1532 2490 erat.

348 2599 350 2604 ,
390 2532 515 2609 Poetae
545 2549 624 2612 cum·
645 2529 777 2598 nomina
801 2531 931 2597 Graeca
958 2530 1008 2596 ita
1043 2538 1081 2597 ut
1110 2530 1251 2614 avolgo
1275 2530 1532 2613 adhibebantur,

300 2638 404 2705 minus
427 2639 475 2704 eis
499 2637 619 2704 idonea
643 2637 712 2704 sint
735 2637 818 2722 visa,
844 2656 929 2719 quae
944 2639 978 2703 in
994 2657 1126 2706 versum
1142 2638 1277 2714 heroum
1292 2635 1532 2720 reciperentur,

300 2764 532 2828 nonnunquam
548 2745 712 2828 Graecam
733 2742 874 2818 formam
890 2745 1121 2828 restituerunt,
1146 2750 1183 2820 ut
1199 2753 1341 2828 utraque
1356 2750 1534 2813 uterentur

301 2854 409 2921 forma
432 2858 466 2922 et
490 2854 613 2922 Latina
637 2859 671 2920 66
694 2852 839 2936 Graeca,
867 2853 960 2920 velut
984 2853 1151 2936 Vergilius
1175 2853 1259 2919 dixit
1282 2853 1317 2922 iu
1341 2853 1533 2920 accusativo

300 2962 474 3046 singulari
492 2969 632 3032 *auaro
653 2961 725 3046 (ΙΠ
752 2961 832 3044 352,
867 2961 897 3028 V
920 2961 1001 3045 536,
1035 2961 1087 3027 IX
1114 2962 1189 3030 266.
1207 2961 1306 3046 346),
1339 2960 1533 3028 accusativo

299 3069 421 3153 plurali
438 3077 586 3142 ,66666666
609 3069 778 3156 (correpta
801 3092 822 3134 u
846 3067 967 3154 vocali)
991 3106 1034 3117 —
1056 3068 1076 3134 -Ι
1100 3069 1173 3150 224,
1198 3068 1267 3146 11ΠΙ
1286 3070 1361 3152 ian,
1385 3067 1437 3135 IX
1455 3068 1532 3136 165.

301 3179 382 3262 358,
398 3177 476 3254 ,Χ-ΙΙ
499 3178 564 3248 286
595 3215 637 3224 -
658 3177 829 3252 ,Horatius
859 3194 939 3246 vero
963 3176 1119 3244 Latinam
1145 3174 1363 3244 anteferebat
1390 3174 1532 3243 formam

274 3291 336 3362 ,et
358 3286 394 3366 in
418 3285 563 3358 carmine
586 3284 640 3351 HI
664 3285 715 3350 18.
737 3302 768 3356 ιτ

497 3465 500 3473 ,
569 3389 1022 3470 ‘brecanammere
1043 3392 1205 3459 666166..
1241 3387 1251 3413 ²

303 3487 715 3580 66Μ6ΜΠ4Μ
833 3535 1043 3578 <.··

276 3661 278 3664 .
442 3663 445 3670 .
515 3604 844 3694 8166666666661
867 3614 1007 3676 66616666
1029 3607 1125 3674 lictus
1147 3601 1312 3676 adbuc&

282 3755 283 3758 π
364 3715 528 3788 Ovidius
550 3722 710 3798 utraque
708 3714 879 3784 format
842 3735 863 3783 u
865 3717 961 3800 titur,
984 3721 1108 3784 mutuo
1122 3713 1312 3783 accusativo
1328 3713 1358 3780 V
1374 3713 1429 3796 82,
1446 3713 1533 3780 VIII

302 3783 380 3960 619,
402 3831 557 3896 aarum
579 3823 667 3891 XIII
683 3824 759 3891 681

280 3983 299 3996 ..
335 3933 506 4016 Neque
520 3933 684 4016 lampadas
700 3915 826 3998 homini
849 3931 891 3997 de
914 3929 1043 4012 plebe
1033 3935 1128 4014 rgnot
1130 3949 1168 3996 ae
1192 3934 1290 3996 erant
1309 3945 1416 4010 neque
1432 3945 1532 3995 accu-

302 4041 442 4114 sativus
440 4041 594 4108 Graecus
611 4039 783 4123 lampada,
793 4044 833 4116 ut
848 4037 1058 4120 proverbium
1074 4038 1155 4109 illud
1174 4037 1286 4104 docet:
1318 4032 1412 4106 acac
1435 4057 1534 4108 cursa

302 4149 454 4233 lampada
475 4148 535 4216 ali.
556 4142 664 4218 66666>
695 4145 820 4234 (Varro
845 4147 886 4212 de
910 4164 936 4212 r.
959 4165 984 4211 r.
1016 4145 1211 4230 ΙΠ16.6).
1258 4163 1344 4226 quae
1375 4163 1457 4212 curu.
1479 4143 1533 4211 ita

302 4256 389 4341 sint,
423 4260 550 4337 666666
576 4273 598 4329 6
629 4272 779 4323 sermone
818 4270 958 4336 quoqne,
975 4251 1156 4320 cotidiano»
1184 4253 1331 4335 666666,
1370 4249 1531 4334 imprimis

303 4362 516 4447 appellativa,
540 4363 705 4444 recepisse
728 4379 788 4443 pro
813 4367 903 4427 certo
927 4359 1043 4427 haberi
1065 4363 1187 4442 potest.

391 4471 571 4556 Postquam
597 4469 829 4560 cognovimus,
867 4467 984 4552 quihus
1019 4469 1060 4534 66
1093 4467 1202 4536 causis
1237 4471 1367 4550 poetae
1391 4466 1533 4534 Graecis

303 4579 462 4646 terminat
447 4578 592 4646 tionibus
608 4598 672 4646 non
689 4577 924 4660 abstinuerint,
948 4576 1036 4644 nullo
1051 4557 1144 4644 modo
1161 4575 1311 4652 Koeuio
1333 4574 1532 4657 adstipulari
