3452 5316
332 803 363 882 9,
373 831 400 868 u
422 797 512 883 αὐτῷ
527 795 556 862 τ’
568 795 703 884 ἀληθὲς.

332 909 384 990 46,
399 939 426 977 ro
451 903 491 982 ἃς
513 902 552 971 σύ
569 903 629 987 μὲν
646 901 704 969 οὐκ

365 1011 583 1103 ἀριθμήσας,
622 1009 703 1088 θεὸς

365 1121 401 1188 δὲ

332 1233 415 1313 51,2
457 1223 574 1304 culcior
607 1224 702 1293 συνέ-

364 1361 461 1402 ταττε
484 1337 539 1402 καὶ
562 1332 702 1420 πεποίη-

363 1470 417 1511 κεν

331 1554 383 1636 51,
400 1584 429 1622 ro
465 1547 505 1617 ori
540 1547 602 1638 γὰρ
637 1545 702 1636 πρὸ

366 1663 424 1748 τῆς
446 1657 528 1746 ὕλης
551 1656 680 1744 ποίημα

330 1986 424 2066 bl,ss
449 1977 549 2056 αὐτός
572 1976 608 2045 τὲ
631 1977 700 2044 ἐστι

331 2092 387 2173 70,
406 2121 434 2160 20
484 2085 569 2176 πρὸς
608 2083 626 2150 d
663 2084 700 2152 mi

363 2200 495 2286 πρῶτον
519 2191 701 2260 ἐλάνθανεν

363 2301 484 2386 ἔχουσα

923 459 1049 556 48-

926 674 953 738 T

759 801 863 881 ipsum
879 800 1003 883 fontem

758 927 839 988 queas
866 907 924 972 tibi
950 909 1130 972 inmmmror

793 1013 868 1078 biles
887 1015 963 1079 detes
983 1036 1129 1079 recommo-

791 1127 841 1187 tos
864 1121 955 1187 babet

757 1227 954 1294 substantioe
969 1235 1041 1294 crete
1056 1235 1129 1294 teuz-

787 1358 871 1418 poro
887 1337 1024 1401 condidit
1040 1342 1131 1418 atque

793 1445 949 1509 constituit

756 1573 854 1634 nequeo
881 1552 963 1616 onim
987 1558 1032 1616 est
1060 1557 1130 1616 ante

790 1661 965 1740 materiam,
991 1659 1074 1740 quood
1092 1679 1130 1723 ec

790 1767 924 1832 materia
996 1766 1130 1846 sumpsit

789 1875 915 1938 mitium

756 1987 847 2063 atque
869 1981 1030 2064 tangibilis

756 2089 807 2152 coi
833 2089 938 2169 pmmo
966 2090 1046 2154 olom
1067 2088 1127 2169 so·

788 2197 927 2261 mitioris
951 2203 1018 2261 erot

1290 675 1441 742 VAFBD

1185 795 1266 866 atiud
1290 796 1319 864 τ’
1341 797 1468 888 ἀληθὲς

1186 904 1225 982 ἃς
1242 905 1282 973 σύ
1297 905 1358 990 μὲν
1378 903 1436 973 οὐκ
1457 905 1558 994 dood-

1218 1012 1352 1102 μησεις,
1396 1013 1479 1091 θεὸς
1521 1015 1558 1080 δὲ

1220 1118 1408 1210 ἠρίθμησεν

1186 1226 1303 1304 οὐσίας
1323 1226 1389 1317 πρὸ
1405 1233 1466 1295 τσῦ
1481 1227 1559 1317 χρό-

1218 1359 1276 1401 νον
1300 1336 1480 1423 πεποίηκεν
1502 1337 1556 1402 καὶ

1218 1441 1412 1509 συνέταττεν

1184 1547 1224 1616 ου’
1251 1548 1313 1637 γὰρ
1342 1548 1408 1637 πρὸ
1439 1555 1498 1639 τῆς
1519 1549 1558 1616 ii-

1217 1658 1275 1746 λης
1291 1655 1329 1724 τὸ
1346 1656 1380 1722 ἐκ
1396 1661 1455 1745 τῆς
1475 1657 1558 1746 ὕλης

1216 1765 1346 1852 ποίημα

1182 1977 1288 2056 ἀστός
1303 1977 1339 2046 τέ
1355 1979 1425 2046 ἐστι
1442 1979 1484 2066 (V
1495 1978 1556 2064 -ιν)

1182 2084 1267 2174 πρὸς
1299 2085 1318 2154 ὃ
1349 2085 1386 2155 τὸ
1423 2091 1557 2176 πρῶτον

1217 2194 1414 2283 ἐπιτηδείως
1452 2192 1555 2260 ἑλάν-

1214 2309 1319 2368 daven
1342 2299 1474 2383 ἔχουσα.

418 2449 544 2531 Quibus
566 2447 650 2513 locis
674 2447 750 2510 T:
768 2446 919 2512 VAFBD
944 2465 1072 2528 semper
1088 2449 1224 2528 probam
1249 2447 1348 2513 offert
1370 2447 1553 2513 lectionem.

330 2557 452 2623 Contra
490 2557 524 2621 M
562 2575 626 2620 non
665 2554 763 2620 fluxit
801 2573 818 2618 e
857 2554 969 2620 codice
1008 2573 1102 2635 quern
1138 2554 1331 2621 Ambrosius
1369 2553 1555 2636 usurpavit.

329 2665 399 2730 Iuro
423 2668 593 2746 praetereo
618 2664 704 2742 quod
728 2661 880 2742 plurimis
904 2661 985 2726 locis
1009 2661 1204 2727 Ambrosius
1228 2662 1319 2728 uliud
1342 2665 1481 2744 praebet
1504 2669 1555 2726 at

328 2791 391 2852 que
426 2771 555 2836 codices
588 2769 710 2852 graeci.
758 2768 888 2834 Certum
926 2768 1011 2834 eninr
1047 2775 1098 2835 est
1129 2769 1341 2852 interpretem
1374 2789 1440 2834 non
1471 2769 1555 2834 setis

328 2884 481 2944 accurate
505 2879 607 2944 verba
634 2875 817 2942 reddidisse
841 2895 971 2958 graeco.
1018 2876 1186 2942 Nonnulla
1210 2877 1368 2942 eiusmodi
1400 2875 1554 2942 afferam:

420 3005 471 3086 10,
486 3035 511 3073 ιν
543 3009 576 3069 et
601 3005 677 3084 14,5
714 3004 816 3068 verbe
839 3003 986 3086 Aegypti
1011 3002 1204 3068 Ambrosius
1233 3003 1352 3068 tribuit
1376 3003 1554 3068 Euxitbeo.

420 3113 498 3194 ldr
543 3131 606 3176 non
631 3111 867 3191 interpretetus
892 3117 941 3176 est
963 3106 1230 3197 τελευτήσαντας.

421 3219 511 3301 16‚12
541 3219 632 3283 deest
666 3215 684 3282 i
713 3213 776 3304 γὰρ
806 3221 871 3281 τῶν
903 3213 1030 3297 ἰχθύων
1059 3213 1181 3301 δεσμὸς
1218 3255 1260 3264 —-
1302 3218 1352 3300 16,
1367 3247 1396 3286 14
1429 3222 1556 3303 ψυχαῖς

541 3322 717 3413 ἐλευθερία
740 3323 882 3408 γίγνεται
907 3325 940 3389 in
965 3325 1001 3390 T.

416 3450 525 3516 Maius
555 3455 751 3516 momentum
781 3451 894 3530 habet,
931 3451 1016 3530 quod
1046 3449 1241 3516 Ambrosius
1275 3451 1347 3516 loco
1378 3452 1554 3516 verborum

327 3561 380 3643 48,
391 3589 418 3628 εν
432 3559 536 3641 -49,
547 3587 585 3640 νο,
617 3577 701 3638 quae
725 3563 856 3624 exstant
879 3557 914 3622 in
938 3558 1087 3623 omnibus
1111 3557 1293 3638 codicibus,
1317 3576 1425 3640 puuca
1448 3557 1554 3623 solum

326 3667 467 3733 inseruit
504 3687 586 3748 „mm
615 3673 693 3748 pudo
725 3667 873 3748 equidem,
911 3667 965 3730 sed
1000 3673 1078 3731 cerlo
1113 3667 1209 3731 soio“.
1261 3665 1336 3731 Non
1372 3665 1459 3730 enim
1495 3664 1553 3730 illc

327 3774 393 3856 vir,
446 3773 501 3854 qui
544 3781 686 3838 ceterum
730 3773 852 3854 optime
895 3792 1027 3837 munere
1071 3771 1262 3854 interpretis
1307 3773 1440 3838 functus
1488 3781 1552 3854 est,

326 3888 453 3948 tontum
497 3881 624 3963 dialogi
664 3887 792 3962 partem
835 3879 967 3945 facilem
1005 3879 1175 3946 intellectu
1214 3879 1379 3946 omisisset
1415 3879 1553 3960 locoque

327 3991 397 4056 eius
427 3993 530 4058 verbe
556 3989 670 4055 inania
693 3989 868 4071 posuisset,
901 3988 966 4054 nisi
990 3989 1056 4054 iarn
1089 3987 1123 4053 in
1146 3987 1328 4069 exemplari
1360 3987 1468 4070 ipsius
1499 3988 1553 4054 de-

327 4097 477 4163 fuissent.

416 4206 532 4270 Altera
555 4204 673 4270 classis
696 4203 732 4268 in
755 4205 849 4269 duos
874 4202 1091 4285 distinguitur
1115 4202 1273 4285 seruilius,
1299 4221 1436 4282 quarum
1461 4203 1553 4284 prior

327 4313 513 4379 continetur
536 4313 648 4378 codice
673 4312 711 4393 V,
737 4311 843 4376 altero
867 4310 1036 4377 codicibus
1060 4311 1190 4375 AFBD.
1457 4305 1458 4310 ’

596 4439 627 4506 V
1171 4435 1292 4502 AFBD

487 4547 538 4628 10,
552 4575 578 4615 15
615 4542 662 4610 ἒλι

487 4654 538 4730 10,
553 4683 579 4720 ro
615 4643 642 4717 oi
668 4649 806 4734 litigioso

1206 4566 1262 4608 emt

1204 4671 1263 4716 om.
