3496 5310
804 416 824 478 7

195 629 252 710 pai
275 629 436 696 dudeco
460 630 520 696 cii:
544 630 652 696 dedus
675 625 817 696 Ambisc
839 624 925 713 etps',
950 633 1074 697 certum
1099 628 1178 696 milri
1203 629 1334 698 videtur
1357 629 1426 696 En-

194 734 283 801 nium
316 734 469 802 vocabuli
501 733 610 803 forma
635 755 726 803 usum
751 754 823 804 esse
846 731 1020 820 ‘Aacbiso',
1052 736 1132 818 quia
1154 737 1334 804 scholiasta
1357 735 1427 820 ipse

194 837 374 910 ‘Andrisco‘
406 841 496 909 dicit.
549 843 651 909 multo
683 842 768 910 enim
796 842 930 910 facilius
954 842 1026 910 fieri
1050 843 1174 928 potuit,
1206 848 1244 911 ut
1269 840 1425 932 [Probus]

194 947 336 1016 formam
360 949 609 1016 usitatissimam
635 945 809 1017 ‘Aeacos‘
833 949 942 1017 Ennio
967 969 1096 1033 quoque
1120 951 1298 1036 tribueret,
1330 970 1426 1033 quam

194 1063 233 1122 nt
268 1063 383 1124 auctor
418 1056 534 1123 scholii
568 1056 769 1123 Veronensis
804 1075 999 1140 quamquam
1034 1057 1106 1141 ipse
1138 1055 1297 1126 Anchiseo
1331 1057 1426 1140 dixit,

194 1163 381 1230 Ennianum
406 1163 485 1230 illud
511 1163 559 1230 ita
584 1171 817 1248 corrumperet,
843 1170 880 1231 ut
905 1161 1043 1230 formam
1069 1166 1252 1232 obsoletam
1272 1165 1425 1233 inferret.

193 1289 237 1336 ne
280 1269 351 1352 quis
393 1269 427 1336 in
471 1294 492 1338 a
534 1270 643 1337 vocali
687 1271 849 1354 producta
887 1271 1046 1338 offendat.
1109 1271 1253 1340 Ennium
1292 1272 1426 1356 saepius

195 1378 341 1444 vocalem
378 1401 399 1445 a
430 1377 463 1444 in
495 1377 561 1444 fine
593 1379 725 1446 brevem
759 1397 818 1461 per
850 1379 916 1446 vim
950 1378 1035 1446 ictus
1068 1379 1198 1446 metrici
1230 1379 1426 1462 produxisse

194 1485 434 1552 Fleckeisenus
464 1485 577 1552 docuit
587 1484 621 1571 1).
674 1485 854 1553 Lucilius
885 1504 1011 1570 quoque
1043 1487 1103 1554 illa
1133 1510 1153 1554 o
1184 1487 1293 1554 vocali
1323 1488 1425 1554 nomi-

194 1591 302 1660 nativi
324 1611 385 1676 pro
409 1593 509 1678 longa
533 1590 648 1674 utitur,
673 1599 710 1660 ut
734 1592 798 1678 frg.
815 1595 893 1660 171:

378 1697 530 1784 ‘perditus
555 1700 680 1768 Tiresia
705 1701 828 1768 Tuscus
848 1703 1047 1788 prcodaeoos
1066 1697 1226 1788 cambris.

284 1825 402 1908 Itaque
431 1825 560 1894 codices
588 1844 706 1908 sequor
733 1825 784 1894 bis
807 1845 934 1910 quoque
959 1827 1040 1894 locis
1063 1827 1242 1895 Ennianis:
1274 1826 1341 1912 frg.
1362 1829 1424 1895 188

194 1933 349 2017 Αεαοίἅα,
382 1933 536 2018 frg.132
565 1933 705 2001 Aeacida
730 1931 885 2019 (vocat.).
941 1935 973 2002 iu
1007 1934 1113 2002 Lucili
1146 1935 1270 2003 saturis
1302 1935 1422 2003 Linde·

193 2060 333 2108 mannus
371 2041 529 2109 Leonidae
565 2059 682 2108 nomen
723 2040 786 2126 ing.
816 2043 881 2108 419
919 2042 1062 2125 scripsit.
1122 2042 1180 2110 sed
1210 2041 1423 2113 nominativis

194 2149 251 2230 qui
275 2149 307 2214 in
334 2171 370 2214 -o
393 2153 530 2231 exeunt,
563 2149 650 2215 bunc
673 2147 891 2216 Lindemanni
914 2149 1104 2216 coniectura
1128 2149 1278 2216 effectum
1301 2150 1425 2217 addere

194 2274 258 2322 nou
282 2256 397 2323 audeo.
437 2273 512 2321 nam
537 2254 615 2338 quid
639 2255 788 2322 Lucilius
812 2256 966 2323 hocloco
990 2255 1171 2338 scripserit,
1197 2275 1238 2324 ne
1261 2256 1423 2339 suspicari

192 2362 321 2446 quidem
339 2381 518 2447 possumus,
543 2381 648 2446 neque
664 2363 834 2446 quisquam
850 2363 958 2431 adhuc
974 2363 1061 2446 quod
1077 2363 1244 2432 codicibus
1264 2365 1422 2449 traditur,

193 2469 392 2538 emendavit.

284 2579 365 2645 Post
400 2576 542 2644 Ennium
577 2575 803 2661 Luciliumque
838 2585 939 2662 atque
974 2577 1143 2647 scaenicos
1178 2578 1253 2646 illos
1291 2584 1422 2647 veteres

193 2685 446 2752 terminationes
463 2685 614 2752 Graecae
638 2707 691 2752 -αι
712 2692 746 2752 et
768 2708 816 2752 -es
838 2685 889 2754 ita
912 2685 1019 2769 poetis
1034 2685 1192 2754 Romanis
1214 2685 1421 2770 placuerunt,

192 2800 230 2861 ut
253 2793 378 2860 duobus
402 2797 533 2860 tantum
556 2792 635 2860 locis
659 2792 852 2860 nominativi
876 2792 974 2876 plane
989 2793 1102 2861 Latini
1118 2793 1214 2861 nobis
1229 2799 1420 2861 occurrant:

191 2901 280 2968 alter
311 2899 345 2966 in
377 2899 522 2966 Horati
553 2899 674 2984 prioris
706 2898 784 2967 libri
816 2907 934 2967 satura
965 2905 1062 2968 sexta
1094 2899 1140 2987 (v.
1165 2901 1241 2987 120)
1273 2902 1420 2986 Marsya,

190 3009 279 3075 alter
308 3008 342 3074 iu
369 3007 557 3090 Properti
585 3007 671 3074 libro
703 3008 844 3075 secundo
876 3008 1006 3094 (14,1)
1034 3006 1160 3076 Atrida.
1208 3007 1420 3091 excipiendus

191 3121 299 3182 autern
333 3121 386 3182 est
420 3114 605 3197 vocativus,
647 3115 702 3196 qui
734 3133 964 3197 nonnunquam
1003 3133 1109 3197 neque
1145 3113 1252 3183 latine
1288 3116 1421 3184 videtur

189 3242 296 3305 neque
319 3241 440 3306 graece
464 3221 625 3289 formatus
655 3241 735 3289 esse.
782 3241 864 3290 sane
888 3230 1156 3306 exspectaremus
1179 3222 1311 3291 nomina
1335 3242 1420 3306 quae

189 3331 223 3396 in
239 3353 279 3398 os
293 3329 457 3411 desinunt,
482 3329 516 3396 in
532 3328 685 3399 vocativo
701 3354 722 3397 c
738 3329 845 3396 vocali
861 3329 948 3396 liniri
972 3331 1148 3412 eodemque
1170 3331 1265 3398 modo
1286 3331 1419 3400 nomina

190 3457 274 3521 quae
306 3460 353 3504 -cs
381 3436 615 3520 terminantur,
651 3437 729 3520 quia
761 3444 934 3520 utrumque
964 3455 1068 3521 genus
1099 3438 1237 3520 primam
1268 3438 1419 3521 sequitur

190 3544 442 3613 declinationem
473 3545 638 3614 Latinam.
690 3546 755 3614 sed.
778 3564 846 3612 rem
877 3545 926 3612 ita
957 3563 993 3612 se
1024 3564 1087 3612 non
1119 3546 1242 3612 babere
1276 3546 1417 3630 singulis

190 3653 434 3720 demonstretur
451 3653 618 3735 exemplis.
647 3652 779 3719 nomina
794 3671 878 3735 quae
893 3652 927 3718 in
940 3675 993 3720 -cs
1009 3660 1198 3736 excurrunt,
1215 3653 1417 3723 invocativa

190 3759 458 3828 terminationem
486 3783 524 3826 -a
547 3759 716 3843 accipiunt
739 3761 826 3842 apud
850 3760 1069 3844 Vergilium
1094 3761 1128 3826 in
1150 3759 1256 3829 Aeaeo
1278 3761 1418 3848 Amynta

187 3867 344 3936 Damoeta
367 3867 456 3953 Hyla
480 3867 564 3936 Iolla
587 3867 723 3952 [pasco
747 3867 873 3952 Lycida
900 3867 1064 3949 Menalca,
1097 3868 1185 3950 apud
1208 3869 1417 3940 Horatium

189 3975 223 4042 in
249 3975 384 4057 Tiresia,
410 3976 495 4058 apud
519 3974 717 4042 Tibullum
740 3974 774 4040 in
798 3973 903 4042 Aenea
927 3975 975 4062 (II
1003 3975 1034 4041 5.
1051 3975 1118 4060 39).

278 4081 419 4149 Nomina
442 4101 579 4165 quorum
599 4081 789 4149 terminatio
805 4105 855 4150 ·es
872 4088 934 4166 est,
959 4083 995 4148 in
1010 4083 1165 4150 vocativo
1188 4089 1311 4151 exeunt
1334 4084 1367 4150 in
1391 4107 1416 4168 e,

189 4190 280 4258 velut
304 4189 339 4255 in
354 4188 512 4274 Vergili
536 4189 631 4257 libris
654 4187 805 4276 Aclocw)
827 4189 937 4258 Alcide
959 4188 1151 4260 Aacbmiade
1173 4189 1283 4260 Iaside
1297 4191 1418 4260 Laride

281 4439 301 4509 ¹)
320 4438 459 4494 Keiliach
477 4438 618 4494 Miscellen
632 4455 660 4508 p.
674 4443 718 4494 21.

280 4529 300 4598 ²)
319 4527 365 4584 Ita
376 4528 509 4598 praebent
521 4544 614 4584 omnes
634 4529 740 4584 codices
758 4529 825 4584 Aen.
839 4529 862 4586 1.
875 4529 936 4598 459,
955 4529 1063 4585 Adicis
1075 4543 1196 4599 papyrus
1208 4528 1418 4598 Oxyrhynchites

188 4617 293 4674 saeculi
311 4617 370 4673 iere
387 4619 430 4688 V.,
449 4619 490 4675 ed.
504 4618 630 4674 Greufell
649 4622 677 4673 et
695 4617 775 4674 Haut
792 4619 892 4687 parti
910 4635 972 4690 pag.
986 4619 1022 4674 60
1040 4634 1066 4676 u.
1080 4619 1123 4676 31.
