3442 5324
936 407 979 472 70

344 623 414 688 sine
438 621 507 687 ulla
524 641 623 687 causa
647 621 721 702 ipsa
744 622 779 686 in
800 640 953 687 scaenam
976 620 1087 703 prodit
1111 627 1144 686 et
1165 621 1315 687 hocloco
1340 622 1450 687 codem
1474 623 1567 687 modo

343 749 379 795 sc
402 728 575 811 geritque
599 734 697 794 antea
720 729 755 792 in
778 727 873 810 regia
897 728 970 810 ipsa
994 727 1051 812 (cl.
1070 747 1098 793 v.
1117 728 1182 793 814
1193 747 1240 808 sq.
1267 734 1300 793 et
1323 729 1388 794 836
1398 727 1470 812 sq).

433 836 545 916 Neque
584 835 653 901 alia
691 836 730 901 de
769 854 869 901 causa
907 835 972 901 nisi
1011 853 1074 915 quo
1109 834 1355 901 manifestiores
1393 855 1446 901 res
1480 836 1566 900 intra

345 944 472 1009 domum
511 949 665 1024 peractae
700 942 942 1024 spectatoribus
974 941 1071 1023 fiant,
1112 941 1288 1008 Alcestis
1326 948 1499 1024 postquam
1534 943 1569 1008 in

343 1050 438 1132 regia
461 1050 537 1132 ipsa
560 1069 673 1116 servos
698 1057 731 1115 et
753 1049 881 1130 reliqua
897 1068 981 1130 quae
1004 1048 1071 1116 sibi
1090 1049 1181 1115 cordi
1207 1055 1315 1116 essent
1338 1049 1450 1115 valere
1473 1049 1568 1115 iussit

345 1156 388 1242 (v.
410 1157 472 1223 158
480 1156 553 1243 sq),
577 1157 612 1223 in
628 1176 780 1223 scaenam
796 1156 1016 1240 progreditur,
1041 1175 1104 1236 quo
1119 1155 1192 1223 loco
1215 1156 1405 1238 priusquam
1423 1155 1569 1222 discedat

345 1265 464 1330 marito
488 1270 587 1345 atque
609 1264 726 1330 liberis
749 1264 860 1330 valere
884 1263 975 1329 dicat
998 1263 1041 1348 (v.
1060 1264 1124 1328 244
1134 1263 1206 1349 sq).

434 1373 538 1455 Quam
570 1373 732 1438 rationem
765 1370 946 1437 adhibitam
980 1370 1164 1437 invenimus
1198 1371 1297 1436 etiam
1330 1370 1364 1435 in
1397 1371 1566 1452 Hecuba,

345 1481 380 1546 in
408 1497 473 1559 qua
495 1478 702 1562 Polymestor
732 1479 837 1545 oculis
864 1478 1015 1561 privatus
1047 1479 1139 1544 foras
1167 1477 1317 1560 procedit
1346 1476 1566 1563 (v.1035sq.)

346 1592 379 1652 et
401 1586 436 1652 in
458 1587 622 1653 Electra
646 1586 689 1672 (v.
709 1584 817 1672 1177).

434 1802 480 1866 At
512 1800 629 1881 quibus
661 1820 739 1866 usus
772 1800 925 1866 artificiis
956 1802 1042 1881 quod
1073 1799 1187 1882 inopia
1219 1806 1252 1866 et
1282 1803 1429 1883 egestate
1462 1819 1566 1866 rerum

345 1897 569 1975 scaenicorum
594 1907 785 1973 interiorem
802 1907 931 1988 quidem
949 1909 1077 1973 domum
1101 1913 1178 1973 ante
1201 1906 1312 1974 oculos
1329 1907 1566 1988 spectatoribus

345 2034 466 2098 ponere
489 2014 675 2096 prohibitus
703 2020 776 2080 erat
798 2034 1009 2096 compensare
1037 2015 1176 2096 studuit,
1206 2015 1324 2080 iisdem
1348 2015 1418 2080 lere
1444 2014 1480 2079 id
1503 2013 1567 2096 egil

346 2121 538 2204 Euripides,
567 2126 605 2186 ut
628 2140 695 2187 eae
717 2140 780 2186 res
804 2141 901 2202 quae
925 2121 1005 2187 alio
1030 2123 1191 2202 quodam
1214 2121 1299 2188 loco
1323 2121 1566 2204 peragendae

347 2234 459 2294 erant
482 2228 521 2293 in
544 2229 643 2294 hunc
665 2227 791 2294 locum
815 2229 1143 2294 transferrentur.

435 2337 475 2402 In
497 2335 590 2402 Ione
614 2335 700 2400 enim
724 2335 846 2402 Creusa
870 2355 890 2401 a
913 2335 981 2401 filio
1006 2337 1099 2401 domo
1123 2335 1264 2418 hospitis
1288 2354 1351 2415 quo
1375 2335 1566 2416 confugerat

349 2443 487 2525 expulsa
510 2442 545 2507 in
568 2461 721 2508 scaenam
744 2442 910 2524 procurrit
934 2443 1121 2509 exclamans
1146 2443 1189 2528 (v.
1210 2441 1413 2528 1253-54):

475 2571 537 2633 ποῖ
559 2563 651 2655 φύγιο
676 2563 757 2654 dria}
787 2564 821 2632 ἐκ
843 2563 905 2655 γὰρ
929 2569 1027 2632 οἲκων
1050 2563 1239 2654 προῦλαβον
1263 2564 1357 2651 μόγις
1380 2565 1469 2633 πόδα

475 2671 521 2762 μὴ
544 2679 680 2740 θανεῖν·
712 2675 817 2762 κλοπῇ
840 2671 869 2741 d’
891 2671 1036 2762 ἀφῖγμαι
1060 2676 1268 2763 διαφυγοῦσα
1292 2673 1479 2757 πολεμίους.

436 2799 563 2883 Quibus
586 2799 698 2866 verbis
722 2799 828 2865 elucet
848 2800 1003 2866 Creusam
1027 2801 1133 2882 ipsam
1157 2819 1219 2880 quo
1244 2820 1279 2866 se
1302 2805 1412 2867 vertat
1434 2798 1562 2864 nescire.

348 2908 411 2974 Sed
434 2926 507 2971 cum
535 2906 609 2971 fieri
637 2926 702 2972 non
725 2914 837 2988 posset
860 2907 938 2988 quin
961 2907 1022 2972 Ion
1050 2907 1142 2972 illam
1173 2907 1207 2973 in
1235 2926 1355 2973 scaena
1384 2908 1457 2988 ipsa
1482 2922 1564 2970 asse

348 3019 515 3097 queretur,
549 3013 661 3094 aliqua
690 3021 762 3079 erat
792 3033 892 3080 causa
920 3015 1074 3096 fingenda
1104 3033 1162 3079 cur
1185 3013 1308 3080 Creusa
1337 3014 1398 3079 hoc
1425 3013 1494 3079 loco
1516 3030 1564 3075 re-

347 3127 503 3187 maneret.
559 3121 666 3202 Atque
702 3122 852 3202 quamvis
887 3121 947 3187 illa
981 3122 1086 3203 primo
1122 3121 1252 3201 quidem
1288 3121 1386 3186 choro
1421 3115 1564 3186 suadenti

349 3227 391 3313 (v.
412 3227 616 3314 1255-56):

561 3339 623 3400 ποῖ
645 3332 674 3401 δ’
696 3329 737 3400 ἂν
760 3330 871 3401 ἄλλοσ’
895 3331 914 3423 ἢ
937 3332 986 3400 ’πὶ
1009 3331 1123 3419 βωμόν
1146 3335 1203 3421 (sc.
1229 3333 1376 3422 φύγοιςγς

561 3437 662 3508 ἱκέτιν
686 3439 725 3508 οὐ
748 3439 848 3525 θέμις
872 3439 1025 3530 φονεύειν

349 3548 555 3631 responderit
579 3549 757 3636 (ν.1256);

560 3659 607 3742 τῷ
629 3652 718 3741 νόμῳ
743 3653 779 3722 δὲ
801 3653 829 3740 γ’
853 3653 1004 3740 ὄλλυμαι,

349 3772 488 3853 deniqne
508 3777 618 3838 tamen
634 3773 732 3839 choro
750 3772 948 3854 obsequitur,
974 3774 1040 3856 qni,
1065 3781 1101 3840 ut
1125 3793 1195 3840 eam
1219 3774 1254 3838 in
1278 3792 1398 3839 scaena
1421 3772 1562 3848 retineat,

348 3879 400 3945 bis
424 3880 529 3945 utitur
551 3881 662 3947 verbis
686 3878 954 3966 (v.1258-60):

1156 3967 1207 4050 ἵζε
1231 3995 1288 4035 νυν
1311 3971 1421 4059 πυρᾶς
1444 3965 1507 4034 ε”σι

479 4072 521 4161 ἢν
544 4071 670 4162 θάνῃς
693 4072 763 4162 γὰρ
788 4073 923 4141 ἐνθάδ’
946 4067 1058 4153 οὖσα,
1082 4082 1166 4152 τοῖς
1189 4074 1449 4142 αἰιοκτείνασί
1473 4098 1510 4141 σε

478 4180 777 4271 προστρόπαιον
800 4175 898 4266 αἷμα
921 4181 1081 4271 θήσεις·
1111 4181 1239 4251 οἰσσὲον
1263 4182 1299 4249 δὲ
1322 4181 1381 4272 τὴν
1403 4181 1509 4270 stippa

439 4308 565 4392 Quibus
581 4307 692 4374 verbis
716 4308 798 4374 satis
822 4327 982 4392 apparere
998 4309 1079 4375 mihi
1095 4310 1234 4392 videtur,
1260 4316 1459 4392 quantopere
1475 4303 1563 4373 Euri-

349 4416 442 4498 pides
466 4435 583 4482 causas
607 4417 803 4498 captaverit,
828 4423 865 4482 ut
887 4417 947 4481 Ion
970 4417 1005 4481 in
1026 4436 1146 4483 scaena
1163 4417 1236 4499 ipsa
1253 4417 1407 4483 Creusam
1433 4409 1560 4497 adipisci

349 4529 469 4605 posset.
