3462 5312
948 394 1012 457 146

361 615 411 674 est
434 607 576 672 omnium
602 607 653 688 75,
684 605 803 685 quibus
827 625 866 671 ea
889 606 1078 672 terminatio
1108 605 1283 671 invenitur.
1331 605 1465 670 Ceteros
1487 603 1585 685 10100,

360 715 478 795 quibus
508 734 567 780 -au
598 719 673 779 ante
706 720 936 779 consonantem
972 713 1195 792 insequentem
1227 712 1279 778 vel
1313 712 1347 776 in
1377 711 1440 777 fine
1473 730 1587 777 versus

361 829 410 887 est
434 821 590 902 positum,
616 839 675 902 per
697 820 887 902 analogiam
911 819 1046 885 effectos
1070 839 1141 884 esse
1165 825 1257 900 puto,
1288 838 1359 884 cum
1383 825 1501 900 poetae
1526 837 1588 882 non

360 928 463 994 solum
488 926 732 1008 nonnullorum,
762 928 819 992 sed
848 927 948 992 etiam
973 927 1115 992 omnium
1144 925 1239 990 huius
1268 925 1400 1008 generis
1424 925 1589 990 nominum

360 1035 586 1101 accusativum
603 1035 729 1100 Graece
754 1034 973 1100 declinavisse
990 1033 1173 1112 videantur,
1199 1033 1264 1097 nisi
1286 1052 1351 1112 quar
1375 1039 1466 1098 certa
1490 1051 1590 1097 causa

361 1145 524 1208 obstabat.
572 1142 676 1226 Quam
708 1144 748 1207 ob
778 1160 845 1206 rem
869 1147 947 1223 puto
980 1141 1013 1206 in
1037 1141 1164 1206 Lucani
1189 1159 1287 1206 versu
1311 1140 1435 1220 V705,
1468 1139 1503 1204 in
1528 1159 1588 1220 quo

361 1249 484 1315 Hosius
515 1250 639 1314 boream
669 1249 808 1330 recepit,
839 1249 1000 1315 Graecam
1033 1250 1172 1314 formam
1205 1248 1332 1328 borean,
1362 1265 1459 1327 quam
1494 1266 1589 1328 prae-

360 1360 439 1422 bent
474 1356 603 1421 codices
639 1355 771 1438 PZUG,
808 1375 879 1421 esse
914 1356 1180 1436 praeferendam,
1216 1354 1412 1436 praesertim
1448 1372 1520 1418 cum
1557 1353 1589 1417 in

360 1463 480 1529 ceteris
505 1462 632 1545 llocis,
658 1463 775 1543 quibus
807 1462 922 1528 borean
945 1467 1063 1545 exstat,
1089 1463 1151 1526 duo
1174 1462 1251 1544 sint,
1276 1462 1394 1541 quibus
1417 1461 1589 1541 insequens

362 1572 497 1638 verbum
521 1591 542 1635 a
565 1569 758 1636 consonanti
783 1569 910 1651 incipit.

449 1679 573 1742 Latina
595 1677 827 1743 terminatione
851 1700 916 1743 -am
945 1684 1062 1758 poetae
1086 1676 1190 1742 vicies
1214 1676 1265 1742 usi
1289 1683 1378 1756 sunt,
1408 1677 1466 1741 sed
1490 1675 1588 1742 semel

361 1789 487 1850 tantum
526 1785 601 1869 (Sil.
623 1785 663 1849 It.
689 1784 723 1848 ΙΙ
749 1783 829 1868 111)
868 1792 972 1850 metro
1007 1784 1208 1865 postulatur,
1245 1803 1317 1848 cum
1349 1783 1500 1848 elidenda
1536 1783 1587 1847 sit.

361 1891 487 1957 Geteris
517 1883 600 1957 locis
629 1891 716 1956 aliae
740 1911 860 1956 causae
889 1891 1115 1972 respiciendae
1145 1898 1230 1955 sunt.
1278 1891 1327 1955 Ac
1354 1890 1495 1972 primum
1520 1889 1589 1970 qui-

362 2000 433 2063 dem
465 1999 500 2063 iu
524 1998 710 2063 nominibus
733 1999 854 2063 Latine
884 1999 980 2064 flexis
1011 1999 1094 2063 satis
1123 1998 1227 2063 multa
1250 2005 1339 2079 sunt,
1371 2016 1455 2078 quae
1483 2017 1547 2063 11011
1570 2017 1590 2062 a

365 2105 518 2187 Graccis,
558 2107 615 2170 sed
654 2125 674 2170 a
707 2105 860 2171 barbaris
899 2105 1022 2186 linguis
1056 2106 1249 2186 deprompta
1287 2111 1376 2170 sunt:
1416 2104 1588 2170 Acherram

363 2211 490 2296 Rapum
520 2212 702 2294 allapsam.
760 2212 811 2276 Ad
843 2213 924 2276 llaec
955 2212 1082 2277 accedit
1113 2213 1245 2292 Lucam,
1286 2230 1350 2292 qua
1386 2209 1494 2276 forma
1524 2211 1587 2276 iam

363 2319 532 2399 Vergilius
557 2338 634 2384 usus
659 2326 709 2384 est
720 2319 754 2403 ¹),
783 2324 817 2383 et
838 2319 1038 2400 Habinnam,
1069 2337 1165 2398 quam
1189 2318 1363 2383 Petronius
1386 2318 1421 2382 in
1444 2317 1589 2400 pedestri

362 2444 510 2491 sermone
534 2425 700 2506 adhibuit3
734 2425 789 2504 qui
813 2425 847 2489 in
871 2427 983 2490 eodem
1011 2430 1167 2490 contextu
1191 2425 1289 2490 etiam
1312 2425 1446 2490 menam
1469 2425 1587 2490 Latine

362 2532 464 2613 flexit,
490 2551 561 2597 cum
586 2533 710 2598 Seneca
734 2538 766 2596 et
789 2532 915 2598 Statius
939 2532 1179 2597 declinaverint
1201 2532 1332 2598 Licbon.

451 2640 578 2704 Deinde
602 2639 759 2704 Manilius
783 2639 939 2704 Latinam
964 2640 1102 2704 formam
1127 2639 1325 2721 praetulisse
1341 2638 1489 2720 videtur,
1516 2658 1586 2704 nam

363 2747 450 2828 apud
477 2746 562 2811 hunc
590 2746 693 2811 solum
717 2746 857 2828 legimus
884 2747 1017 2812 Aerwam
1041 2747 1088 2811 IV
1107 2748 1163 2828 24,
1192 2746 1294 2812 Silius
1318 2754 1426 2811 autem
1450 2745 1587 2810 italicus

363 2853 489 2918 Statius
506 2852 673 2920 Iuvenalis
698 2872 826 2935 semper
842 2855 969 2918 1100000
992 2854 1204 2934 scripserunt.
1237 2854 1415 2918 Praeterea
1431 2852 1587 2918 llauilius

362 2960 396 3024 in
420 2959 570 3025 versibus
595 2959 611 3023 Ι
635 2961 709 3041 314,
728 2961 802 3042 672,
821 2961 886 3025 566
915 2962 1040 3026 boreum
1069 2961 1263 3038 declinavit,
1294 2960 1455 3026 Graecam
1480 2965 1587 3025 autem

363 3067 502 3132 formam
527 3068 641 3133 borean
668 3087 732 3132 11110
757 3073 885 3132 tantum
909 3068 981 3132 loco
1006 3069 1051 3134 IV
1069 3068 1134 3132 646
1159 3067 1310 3133 adhibuit
1333 3067 1431 3147 idque
1455 3074 1588 3148 propter

362 3173 508 3239 vocalem
532 3181 729 3254 sequentem.
769 3175 917 3239 Eandem
942 3174 1101 3240 rationem
1126 3175 1218 3254 sequi
1234 3174 1366 3240 videtur
1381 3173 1586 3255 Calpurnius

362 3280 418 3359 qui
442 3283 554 3346 eadem
584 3301 684 3347 causa
712 3290 890 3348 commotus
915 3282 1066 3348 versibus
1095 3282 1183 3347 1118
1208 3287 1241 3347 et
1263 3284 1303 3346 91
1331 3281 1493 3348 Graecam
1524 3281 1588 3344 for-

362 3405 446 3452 mam
462 3388 608 3470 Lycidan
631 3389 788 3470 servavit,
809 3396 952 3454 ceterum
969 3394 1079 3455 autem
1097 3389 1216 3454 Latine
1233 3389 1388 3471 Lyaeum
1411 3395 1443 3452 et
1465 3389 1587 3454 boream

362 3493 551 3560 declinavit.

450 3601 572 3667 Varius
596 3610 646 3667 est
670 3603 879 3669 accusativus
903 3603 1044 3669 nominis
1069 3603 1157 3669 Idae.
1198 3604 1294 3685 Apud
1310 3603 1479 3670 Valerium
1504 3602 1587 3668 enim

361 3707 517 3773 Flaccum
540 3708 588 3776 Vl
612 3711 676 3774 382
704 3709 799 3775 Idam
829 3710 928 3775 unica
959 3709 1067 3775 forma
1096 3711 1192 3776 huius
1223 3709 1355 3792 generis
1383 3709 1504 3775 Latine
1535 3710 1587 3773 de-

362 3815 487 3880 clinata
517 3823 580 3897 est,
614 3835 698 3896 quae
726 3817 903 3882 invenitur.
951 3818 1077 3883 Statius
1108 3824 1216 3882 autem
1247 3817 1281 3882 iu
1306 3816 1486 3882 'thebaidis
1517 3835 1588 3884 ver-

361 3921 453 3986 sibus
477 3923 597 4002 V405,
623 3923 688 3990 Vll
713 3924 787 4004 588,
814 3924 864 3989 IX
889 3925 952 3988 755
981 3925 1140 4006 praetulit
1169 3925 1332 3991 Graecum
1362 3924 1588 3989 accusativum

363 4029 457 4110 Idan,
483 4049 576 4108 quem
602 4030 751 4096 omnibus
774 4031 858 4095 locis
882 4031 1024 4111 optimus
1047 4032 1149 4096 codex
1172 4031 1200 4096 P
1222 4033 1368 4113 praebet.

452 4171 482 4236 3.
507 4172 553 4238 Ut
569 4173 744 4254 nominum,
762 4191 897 4252 quorum
914 4174 1137 4240 nominativus
1159 4174 1194 4238 in
1210 4197 1264 4260 -ης
1285 4173 1363 4255 exit,
1380 4173 1589 4240 accusativus

364 4277 563 4343 Graecorum
596 4299 685 4344 more
716 4281 750 4344 in
779 4303 832 4346 -en
861 4281 1012 4346 desinens
1043 4288 1268 4362 conservetur,
1301 4280 1398 4346 metri
1428 4281 1516 4345 ratio
1548 4281 1588 4345 iis

361 4383 444 4449 locis
479 4386 639 4468 postulat,
680 4388 797 4466 quibus
832 4387 959 4453 vocalis
1001 4389 1157 4467 sequitur.
1216 4388 1280 4471 Qui
1315 4387 1379 4452 loci
1423 4395 1501 4454 sunt
1536 4389 1586 4468 36,

455 4579 743 4648 11601611011010.
765 4584 846 4650 p.2tl.
