3522 5310
863 291 1005 388 ---22st
1042 382 1074 388 -,

379 482 476 548 allato
519 482 712 570 colligamus
757 487 819 550 iam
857 485 1060 550 Heraclitum
1101 486 1140 550 de
1188 497 1313 574 septem
1354 487 1555 575 sapientibus

380 593 554 675 cogitasse,
581 614 656 656 cum
674 593 822 656 Biantem
849 595 967 657 ceteris
992 602 1119 678 septem
1145 596 1340 680 sapientium
1365 605 1554 681 opponeret,

380 701 434 784 qui
459 703 491 768 οἱ
514 701 623 768 ἄλλοι
646 698 857 784 intellegendi
884 711 1005 764 essent.

454 805 598 886 *Quibus
622 807 816 874 testimoniis
841 807 945 872 fretus
968 830 1079 872 eorum
1105 811 1285 874 sententiae
1304 811 1359 894 qui
1374 810 1439 873 iam
1456 808 1555 874 multo

380 923 454 978 ante
479 913 638 978 Herodoti
662 923 801 978 aetatem
818 913 860 978 de
878 923 1004 1000 septem
1021 915 1225 1001 sapientibus
1241 912 1370 979 fabulas
1389 925 1556 981 enarratas

380 1041 454 1084 esse
479 1022 653 1104 coniciunt,
678 1022 836 1085 accedere
854 1043 919 1086 non
937 1021 1058 1086 dubito.
1096 1022 1227 1109 Atque
1249 1032 1358 1086 reete
1380 1033 1555 1088 statuere

380 1115 473 1192 mihi
490 1127 730 1193 videturlld.
756 1127 922 1214 llleyer¹)
944 1129 1096 1214 vulgari
1112 1129 1212 1194 fama
1228 1140 1346 1216 atque
1368 1132 1556 1217 opinione

381 1245 418 1299 et
452 1234 587 1322 populi
623 1258 688 1300 ore
726 1245 873 1322 septem
905 1238 1110 1322 sapientes
1142 1239 1216 1302 iam
1248 1247 1361 1301 sexto
1392 1235 1556 1302 saeculo

380 1365 468 1407 esse
509 1351 787 1428 congregatos.
847 1342 915 1409 Sed
950 1344 1137 1410 reiciendus
1176 1355 1225 1408 est
1257 1344 1297 1409 l).
1323 1342 1433 1409 Crusii
1464 1344 1558 1410 ‘liber

385 1451 426 1515 de
451 1460 577 1537 septem
602 1451 806 1537 sapientibus
819 1451 1010 1538 popularis‘,
1036 1474 1108 1517 eum
1127 1454 1197 1517 eius
1213 1475 1276 1516 nec
1293 1450 1442 1516 volanae
1458 1455 1557 1516 vesti-

382 1557 470 1644 gium
502 1557 619 1644 dispici
657 1569 763 1645 queat,
799 1560 863 1623 nisi
899 1557 1039 1623 similem
1069 1556 1187 1623 librum
1218 1570 1317 1646 atque
1342 1561 1418 1624 ‘Die
1442 1558 1556 1625 sieben

381 1667 504 1730 weisen
528 1665 672 1730 Meister‘
698 1668 840 1752 antiquis
865 1667 929 1730 iam
954 1666 1156 1753 temporibus
1172 1666 1277 1731 luisse
1294 1665 1418 1752 fingere
1434 1666 1556 1754 talique

380 1773 477 1837 modo
501 1772 589 1837 hunc
612 1771 759 1838 libellum
783 1775 815 1838 in
840 1767 1063 1860 antiquitatem
1080 1772 1258 1838 transferre
1277 1773 1436 1840 volumus.
1486 1775 1557 1839 Hac

382 1889 492 1944 tamen
508 1882 696 1945 coniectura
721 1890 755 1945 ut
778 1880 908 1967 dispelli
933 1881 1066 1946 credam
1090 1881 1254 1959 tenebras,
1272 1905 1292 1946 a
1315 1905 1367 1947 me
1383 1883 1559 1969 impetrare·

381 2009 447 2052 uon
477 2009 624 2074 possum,
661 1989 722 2051 etsi
758 1987 830 2052 talis
866 1987 950 2052 liber
981 1990 1121 2054 maxime
1150 1989 1379 2070 idoneus'est,
1416 2011 1457 2054 ex
1493 2011 1556 2075 quo

383 2095 538 2182 quicquid
563 2093 604 2160 ad
628 2105 754 2161 certum
778 2107 944 2160 auctorem
967 2100 1115 2160 revocari
1132 2099 1255 2183 nequit,
1280 2096 1426 2182 depromi
1444 2098 1556 2184 possit.

383 2203 427 2268 Ut
450 2202 567 2269 Orusio
599 2202 707 2267 iudice
732 2205 765 2267 in
788 2203 851 2268 hoe
875 2202 957 2267 libro
989 2202 1136 2290 populari
1161 2203 1313 2291 Aesopus
1339 2227 1454 2268 versus
1480 2225 1557 2268 suos

380 2309 649 2397 pronuntiavit²)3
675 2333 717 2374 ex
740 2310 803 2375 hoc
819 2311 1008 2376 Herodotus
1026 2312 1135 2398 (quem
1153 2310 1193 2375 de
1211 2322 1337 2398 septem
1355 2310 1557 2398 sapientibus

381 2416 460 2482 nibil
484 2419 631 2504 proferre
657 2417 810 2504 vidimus)
835 2417 924 2483 haud
945 2441 1052 2505 pauca
1076 2419 1287 2507 deprompsit,
1314 2441 1374 2483 nee
1398 2441 1464 2483 non
1482 2417 1557 2482 Plu-

382 2525 514 2590 tarchus
538 2524 694 2592 nonnulla
718 2525 760 2590 ad
785 2527 971 2591 convivium
997 2549 1092 2590 suum
1117 2526 1378 2613 componendum
1404 2524 1558 2611 bausit³)3

382 2635 416 2697 in
446 2655 510 2698 una
535 2633 676 2720 quadam
700 2634 798 2699 huius
821 2633 896 2698 libri
920 2634 1026 2698 forma
1050 2643 1174 2721 septem
1205 2635 1369 2721 sapientes
1395 2643 1557 2698 certantes

380 2741 413 2804 in
437 2742 530 2825 poesi
554 2743 821 2827 epigrammatica
846 2754 876 2806 et
904 2740 1022 2806 melica
1042 2742 1110 2806 ficti
1135 2752 1225 2822 sunt,
1256 2764 1298 2806 ex
1321 2741 1384 2804 hoc
1408 2738 1556 2822 Lobon⁴)

381 2857 532 2934 poemata
556 2858 694 2934 septem
712 2850 915 2936 sapientium,
945 2871 1029 2932 quae
1058 2847 1146 2934 apud
1178 2847 1362 2933 Diogenem
1392 2849 1555 2911 laertium

380 2955 498 3020 tradita
522 2967 607 3033 suut,
633 2958 782 3042 sumpsit,
806 2979 872 3021 non
895 2959 966 3040 ipse
991 2955 1127 3039 finxitt).

469 3061 584 3149 ltaque
608 3084 681 3128 meu
705 3063 837 3150 quidem
854 3055 1015 3128 sententia
1032 3074 1124 3127 sexto
1143 3061 1275 3127 saeculo
1293 3063 1416 3149 primus
1432 3083 1557 3150 setpem

382 3170 576 3256 sapientium
596 3168 763 3254 catalogus
777 3171 970 3233 constitutus
992 3183 1050 3232 est.
1076 3169 1161 3232 Num
1179 3179 1287 3234 autem
1303 3168 1389 3233 idem
1406 3171 1448 3234 sit
1460 3179 1557 3256 atque

380 3278 409 3340 is
427 3279 480 3363 qui
498 3301 517 3341 a
533 3275 669 3341 Platone
687 3276 868 3358 exhibetur,
888 3275 1053 3342 enucleari
1069 3277 1190 3363 nequit.
1216 3274 1292 3358 Sed,
1315 3285 1462 3363 utsupra
1479 3277 1555 3354 dixi,

382 3385 450 3448 veri
468 3383 627 3448 dissimile
646 3406 711 3448 non
729 3393 779 3448 est
795 3381 965 3448 Platonem
983 3405 1078 3448 suum
1096 3383 1279 3469 catalogum
1301 3381 1374 3448 aliis
1392 3406 1556 3471 opponere

382 3500 414 3555 et
436 3489 581 3556 fabulam
606 3501 767 3555 vetustate
783 3490 953 3577 probatam
970 3491 1130 3578 amplecti.
1177 3491 1291 3577 Neque
1306 3493 1391 3556 enim
1409 3489 1556 3576 singulos

472 3777 490 3844 ¹)
509 3775 607 3829 Philol.
628 3773 799 3829 XXXXVIII
818 3775 912 3842 (1889)
931 3795 957 3845 p.
977 3775 1038 3828 268.
1077 3775 1177 3830 Gescb.
1198 3776 1223 3830 d.
1245 3776 1299 3830 ult.
1320 3773 1347 3826 ll
1366 3793 1391 3843 p.
1413 3773 1472 3828 lib.

470 3867 489 3932 ⁴³)
509 3863 607 3918 Philol.
629 3862 792 3934 121111893),
811 3884 836 3936 p.
857 3864 917 3918 204.

471 3955 491 4022 ³)
511 3953 543 4007 In
562 3953 920 4024 Pauly-Wissowa11837
940 3973 960 4008 s.
983 3971 1005 4007 r.
1027 3952 1119 4008 Arion.

470 4047 491 4114 ⁴)
511 4043 608 4114 Hillor,
628 4043 727 4098 Rhcin.
748 4043 817 4098 Mus.
838 4043 960 4099 XXXIII
979 4043 1071 4112 (1878)
1091 4063 1118 4113 p.
1137 4043 1191 4098 518
1210 4061 1250 4112 sq.

471 4134 492 4200 ⁶)
512 4133 608 4188 Philol.
630 4133 675 4186 LV
704 4131 794 4199 (iuuat
818 4151 845 4202 p.
869 4133 893 4186 3.
931 4132 966 4186 In
986 4131 1233 4202 Pauly-Wissowa
1251 4131 1293 4186 III
1317 4131 1370 4186 383
1389 4151 1409 4185 s.
1437 4151 1459 4184 r.
1485 4131 1555 4186 Bias.

382 4223 523 4278 bobonem
542 4239 608 4276 sans
628 4225 736 4291 septem
750 4221 917 4290 sapientium
930 4225 1061 4292 poemata
1074 4238 1129 4275 uon
1142 4221 1263 4284 finxisse,
1284 4221 1333 4273 sed
1351 4219 1557 4292 deprompsisse

383 4331 398 4366 e
417 4315 526 4382 septem
545 4310 712 4381 sapientium
733 4312 885 4364 certamine
905 4312 1025 4379 quodam
1045 4311 1168 4380 antiquo.
1188 4312 1297 4379 septem
1310 4308 1478 4379 sapientium
1492 4327 1556 4364 con-

381 4401 455 4456 vivio
475 4401 568 4470 quarti
580 4401 692 4466 saeculi,
703 4403 780 4454 reete
792 4399 900 4454 iudicat
915 4401 943 4453 U.
965 4401 998 4454 de
1015 4399 1208 4466 Wilamowitz,
1224 4399 1392 4468 Textgesch.
1412 4399 1436 4452 d.
1451 4399 1555 4469 griech.

382 4490 483 4560 Lyrik,
512 4490 650 4544 Abbandl.
671 4489 696 4543 d.
718 4489 843 4558 Gotting.
865 4489 1014 4544 Gesellseh.
1046 4491 1071 4542 d.
1093 4487 1344 4548 wissenschaften,
1375 4487 1555 4542 Philon-hist.

383 4581 472 4635 Klass.
492 4581 523 4632 N.
545 4579 572 4632 F.
597 4579 643 4632 Bd.
665 4579 702 4632 IV
722 4598 747 4633 n.
768 4578 784 4632 3
803 4598 829 4648 p.
850 4579 885 4633 40
904 4579 967 4633 adn.
988 4579 1012 4633 3.
1400 4599 1404 4602 ·
