3462 5312
658 422 868 522 —Q-

148 634 269 700 tionem
294 634 461 714 adhibuit,
486 653 584 713 quam
607 632 659 698 bis
683 633 787 699 elisit:
819 635 893 700 Tro.
923 635 985 700 189
1009 635 1070 716 Ag.
1095 636 1177 718 1148,
1203 643 1320 717 quater
1342 638 1378 702 in

150 740 219 806 arsi
243 739 369 821 posuit:
395 741 470 805 Γ111.
496 741 571 822 459,
597 741 671 818 602,
697 741 772 820 684,
797 742 872 806 907.

236 847 380 926 Eadem,
412 866 495 927 quae
526 848 565 912 de
600 847 786 912 nominibus
821 848 967 930 propriis
1003 848 1159 927 diximus,
1194 850 1307 916 valent
1335 852 1375 916 de
1451 885 1452 890 1

148 953 370 1035 appellativis.
419 953 607 1018 Nominum:
651 955 771 1020 aedmna
807 977 883 1021 aera
917 955 1040 1021 aethera
1075 962 1199 1022 castora
1237 957 1376 1024 dorcada

146 1063 264 1144 iapypa
298 1061 449 1143 lampada
482 1063 638 1128 maenada
675 1061 799 1127 rhetora
839 1061 978 1128 aliorum
1019 1062 1148 1129 Graeca
1186 1064 1376 1130 terminatio

146 1168 287 1234 nominis
312 1167 416 1249 ipsius
439 1175 616 1248 structura,
642 1169 791 1234 omnibus
816 1169 935 1234 ceteris
958 1169 1041 1234 locis
1057 1169 1155 1235 metri
1178 1171 1375 1237 necessitate

145 1275 314 1356 postulata
349 1281 408 1340 est.
467 1275 505 1339 In
541 1275 605 1340 fine
640 1275 726 1340 enim
757 1295 871 1342 versus
902 1277 984 1341 haec
1019 1276 1151 1342 nomine
1186 1276 1376 1359 plerumque

144 1381 300 1446 Latinam
342 1382 479 1447 formam
518 1382 760 1462 praetulerunt,
801 1388 836 1447 ut
866 1383 1055 1467 pbalanpem
1096 1383 1130 1448 in
1165 1383 1228 1450 Sili
1263 1383 1375 1450 Italici

144 1488 280 1555 Punicis
303 1490 333 1556 V
360 1489 432 1570 184,
466 1494 499 1554 11
528 1488 661 1570 saepius
684 1490 850 1555 draconem
875 1498 907 1554 11
930 1492 1113 1572 spadonem,
1138 1510 1222 1571 quae
1246 1491 1375 1572 quidem

144 1595 277 1661 nomina
300 1595 383 1661 satis
401 1603 495 1661 erant
511 1613 659 1661 sermone
675 1596 797 1663 Latino
814 1597 905 1662 trita.
938 1597 1093 1663 Latinam
1110 1598 1373 1664 terminationem

143 1725 206 1769 -em
230 1709 367 1768 accentu
396 1702 549 1784 imposito
578 1703 780 1785 postulatam
807 1707 967 1784 praebent
994 1711 1129 1786 praeter
1159 1705 1319 1788 chalybem
1343 1711 1376 1771 et

145 1811 356 1894 chlamydem,
388 1829 471 1890 quae
502 1810 635 1876 nomina
665 1811 798 1892 saepius
827 1817 1018 1893 occurrunt,
1044 1812 1162 1895 lyncem
1186 1813 1273 1894 apud
1296 1813 1375 1879 Per-

143 1917 229 1983 sium
253 1917 270 1982 Ι
294 1917 355 1982 101
383 1923 416 1982 11
434 1939 588 1999 panacem
612 1918 700 1998 apud
723 1917 935 1984 Columellam
957 1919 990 1983 X
1017 1918 1089 1984 103.

234 2024 401 2091 Martialis
436 2025 569 2091 rhetoris
599 2031 632 2092 et
656 2027 787 2109 tripoms
818 2025 984 2091 nominum
1013 2027 1221 2094 accusativos
1250 2027 1374 2109 duplici

142 2135 239 2200 modo
264 2131 431 2199 formavit.
479 2132 697 2198 resonamus
722 2133 852 2212 quidem
876 2132 967 2199 illius
991 2152 1106 2200 versus

201 2259 254 2324 ΙΙΙ
279 2259 331 2340 25,
351 2259 387 2323 3;
412 2280 498 2342 rapa,
524 2260 653 2339 taretin,
678 2258 827 2325 rhetorem
851 2258 1035 2324 Sabineium

141 2383 304 2450 Latinam
329 2383 478 2464 formam,
504 2402 618 2449 versus
641 2403 720 2449 vero
745 2383 934 2448 hexameter

223 2509 258 2574 Π
282 2509 387 2590 64,1;
413 2508 614 2575 Dummodo
638 2510 843 2588 carosidicam,
868 2511 942 2574 dnm
966 2511 1106 2576 ternodo
1129 2511 1254 2576 rhetora
1276 2513 1372 2596 dapis

145 2636 309 2702 Graecam
334 2633 474 2700 formam
497 2621 688 2715 postulavit.
735 2634 827 2700 Inter
850 2654 964 2700 versus
989 2641 1098 2701 autem

203 2761 250 2827 IV
277 2760 327 2840 19,
345 2761 382 2825 5:
407 2760 468 2826 Sea
494 2760 608 2825 lentam
632 2781 754 2826 ceronra
776 2763 851 2826 teris
874 2763 1047 2843 tepidumve
1069 2763 1194 2845 tripana

142 2875 175 2934 et
200 2867 270 2933 XII
285 2868 337 2946 82,
356 2867 390 2932 3:
417 2866 563 2949 Captabit
585 2869 722 2950 tepidam
746 2869 856 2934 deatra
880 2869 1028 2952 laevaque
1050 2871 1199 2952 triporiem

141 2993 236 3058 nulla
266 2999 316 3058 est
339 2992 509 3073 dissensio,
547 2993 611 3057 nisi
637 2994 722 3072 quod
746 2993 780 3058 in
809 2993 866 3058 illo
896 3013 994 3059 versa
1021 2997 1122 3078 tripon
1150 2995 1271 3076 locum,
1308 3015 1370 3076 quo

140 3101 213 3183 pila
236 3101 426 3182 ludebatur,
458 3101 492 3164 in
523 3101 584 3165 hoc
612 3100 713 3181 pilam
746 3100 850 3181 ipsam
882 3100 1059 3182 significat.
1107 3101 1172 3167 Sed
1195 3101 1370 3169 Skutschio

140 3207 307 3274 assentior
329 3209 444 3274 deatrd
468 3208 625 3290 taeodpnc
648 3207 775 3292 tripdna
800 3207 966 3273 dissonum
991 3227 1072 3274 esse.

232 3314 354 3381 Eorum
384 3333 510 3395 quoque
543 3315 726 3396 nominum,
759 3334 894 3395 quorum
919 3315 1141 3382 nominativus
1166 3316 1200 3380 in
1224 3317 1268 3383 -is
1291 3316 1370 3399 exit,

140 3421 361 3503 accusativus
378 3421 408 3487 si
424 3422 556 3505 syllaba
572 3421 701 3502 crescit,
719 3422 910 3504 plerumque
927 3422 1089 3489 Graecam
1106 3422 1371 3489 terminationem

138 3531 287 3613 praebet.
329 3529 391 3593 113
415 3527 500 3593 enim
524 3527 606 3594 locis
630 3528 813 3594 accusativi
837 3528 933 3594 huius
957 3529 1088 3611 generis
1112 3549 1171 3611 per
1194 3552 1245 3612 -a,
1276 3530 1371 3611 quin-

140 3635 235 3717 quies
258 3642 385 3701 tantum
409 3655 468 3716 per
491 3657 554 3701 em
577 3635 656 3700 flexi
680 3642 764 3700 sunt.
813 3635 919 3701 Huius
948 3636 997 3702 rei
1028 3656 1128 3702 causa
1157 3638 1298 3718 petenda
1322 3643 1371 3704 est

140 3745 216 3809 inde
240 3744 325 3823 quod
349 3743 490 3808 omnium
516 3743 585 3808 fere
610 3743 775 3807 nominum
800 3742 1003 3824 paenultima
1026 3743 1158 3827 syllaba
1181 3744 1292 3811 brevis
1309 3753 1369 3827 est,

139 3849 422 3932 antepaenultima
445 3850 554 3932 longa,
584 3849 691 3916 velat:
731 3850 854 3916 Dorida
893 3848 1047 3934 Cepheida
1084 3851 1232 3918 Oolcdida
1264 3851 1370 3918 Laida

139 3959 262 4043 cepido,
288 3965 323 4023 ut
347 3957 469 4023 Latina
493 3957 681 4022 terminatio
716 3958 873 4024 creticum
904 3958 1052 4024 efficiens
1081 3960 1123 4024 ad
1146 3961 1370 4025 hexametrum

141 4065 327 4131 faciendum
361 4065 554 4131 consonanti
590 4065 721 4145 quidem
759 4073 914 4147 sequente
953 4067 1043 4132 nullo
1082 4073 1178 4148 pacto
1218 4066 1370 4133 adhiberi

139 4172 254 4254 possit.
306 4172 379 4237 Duo
404 4172 545 4239 Salamis
568 4180 601 4237 et
624 4175 779 4239 endromis
803 4174 936 4239 nomina
959 4174 1031 4240 sola
1054 4181 1130 4238 sunt
1154 4181 1300 4256 excepta.

229 4279 371 4345 Latinae
392 4280 624 4346 declinationis
648 4300 754 4362 pauca
778 4281 927 4362 exempla
951 4281 1094 4346 Phaedri
1116 4299 1215 4347 versu
1237 4282 1369 4349 senario

141 4388 170 4452 V
198 4386 281 4468 prol.
315 4387 347 4467 7,
391 4386 484 4452 11111
520 4387 553 4451 11
590 4387 653 4451 fine
689 4387 859 4453 Zeuxidem
899 4387 1053 4469 legimus,
1094 4394 1230 4470 excepto
1273 4390 1370 4454 metri

139 4493 269 4560 ratione
293 4501 369 4559 sunt
392 4494 574 4576 postulata,
604 4513 676 4559 cum
706 4495 789 4560 duae
812 4497 930 4560 breves
958 4494 1109 4578 syllabae
1141 4495 1368 4562 terminationi

140 4602 379 4666 antecederent.
427 4603 532 4686 Quam
565 4604 605 4667 ob
636 4621 704 4666 rem
740 4601 834 4667 flexit
862 4602 1013 4669 Paridem
1041 4603 1211 4670 Iuvenalis
1242 4603 1287 4668 VI
1315 4606 1367 4686 87,
