3522 5310
257 435 319 502 Sed
342 437 392 502 illi
413 459 469 504 aea
491 440 572 504 uitae
586 461 696 523 putero
716 441 991 522 distinguebantur·
1007 449 1036 506 et
1057 443 1246 523 quibasdam
1257 445 1435 526 praeceptis

257 545 300 610 ud
313 545 387 611 benc
407 546 573 612 tisuidum
585 548 840 630 accommodatis
858 551 917 614 iste
934 555 1038 614 uatem
1057 548 1179 630 Thales,
1199 555 1434 616 atsaccessores

256 654 352 718 etium
362 657 568 735 propagaret,
592 674 696 718 reram
715 660 865 720 notarum
880 661 1039 720 scultetus
1054 675 1188 738 suosque
1203 657 1433 739 disputationes

256 759 370 826 litteris
393 759 552 826 mundans
574 762 707 828 eminuit
731 764 930 843 neemiaeque
952 763 1155 828 admirabilis
1177 765 1316 846 exstitit).
1347 762 1433 843 Quin

257 866 354 931 etiam
377 866 507 931 Damon
533 866 724 954 Cyrenaeus
749 889 823 932 cum
840 868 922 934 alios
937 867 1151 956 philosophos
1167 868 1433 935 accusationibus
1450 937 1452 940 ,

258 973 479 1039 insectabatur
507 985 574 1038 tum
604 985 728 1062 septem
758 976 924 1063 sapientes
948 975 1059 1060 (Diog.
1083 977 1191 1040 Laert.
1217 976 1434 1070 140Aoipmv

258 1087 274 1150 θ
302 1085 471 1173 Κυρηναῖος
497 1093 660 1176 γεγραφὼς
686 1089 753 1175 περί
782 1096 843 1154 τῶν
879 1089 1056 1176 φιλοσόφων
1090 1095 1178 1153 τάσιν
1211 1090 1345 1176 ἐγκαλεῖ,
1377 1091 1434 1176 μά-

257 1195 350 1258 λιστα
372 1195 409 1257 ot
431 1200 496 1270 τοῖς
519 1191 621 1275 ἑπτά).

346 1293 551 1376 Quibusnam
587 1298 684 1382 igitur
718 1321 736 1362 e
769 1298 848 1364 viris
885 1310 1009 1385 septem
1048 1299 1244 1386 sapientium
1277 1320 1433 1365 numerus

259 1401 451 1468 constabat?
500 1402 612 1470 Plato
659 1406 784 1491 primus
830 1408 864 1470 in
903 1405 1123 1492 Protagora
1170 1405 1298 1492 dialogo
1337 1405 1434 1472 343A

257 1511 389 1575 uomina
412 1520 538 1598 septem
562 1513 758 1599 sapientium
770 1512 874 1596 affert,
899 1511 1094 1578 utbreviter
1110 1522 1142 1578 et
1158 1511 1329 1579 commode
1347 1512 1434 1578 dicta

256 1618 421 1683 neminem
444 1619 508 1683 nisi
533 1621 636 1684 virum
661 1622 824 1707 exquisita
854 1619 1029 1705 subtilique
1059 1620 1207 1686 doctrina
1238 1623 1432 1686 instructum

257 1726 426 1790 enuntiare
462 1748 561 1813 posse
592 1726 751 1813 exemplis
782 1728 1049 1814 argumentisque
1086 1727 1291 1815 comprobet:
1338 1723 1432 1798 Τοῦτ’

259 1835 310 1902 οὖν
333 1837 409 1902 αὐτὸ
434 1838 485 1903 καί
512 1847 572 1903 τῶν
600 1846 650 1902 νῖν
678 1839 749 1904 εἰσιν
773 1839 801 1905 οἳ
831 1843 1074 1922 κατανενοήκασι
1096 1843 1148 1905 καὶ
1170 1848 1230 1904 τῶν
1254 1841 1359 1914 τάλαι,
1386 1841 1434 1906 ὅτι

259 1946 296 2010 τὸ
330 1945 505 2024 λακωνίζειν
533 1949 610 2011 πολὺ
646 1949 765 2033 μᾶλλόν
804 1948 869 2012 ἐστι
912 1948 1085 2037 φιλοσοφεῖν
1122 1947 1141 2028 ἢ
1180 1949 1433 2037 φιλογυμναστεῖν

261 2051 385 2130 εἰδότες,
422 2051 469 2117 ότι
502 2047 623 2118 τοιαῦθ’
660 2049 722 2119 οίόν
752 2077 788 2117 τε
827 2050 899 2118 εἶναι
935 2054 1058 2141 ῥήματα
1093 2053 1286 2144 φθέγγεσθαι
1320 2057 1435 2130 τελέως

256 2162 491 2248 πεπαιδευμένου
506 2161 585 2225 ἐστίν
601 2160 772 2248 ἀνθρώπου.
796 2161 934 2227 τούτων
950 2159 1063 2242 ἦνκαὶ
1079 2159 1205 2242 Θαλῆς
1220 2162 1236 2225 ό
1253 2157 1436 2242 Μιλήσιος

258 2268 318 2331 καὶ
351 2267 541 2344 Πιττακός
578 2269 593 2332 ὁ
622 2268 871 2349 Μυτιληναῖος
905 2271 965 2334 καί
989 2269 1084 2346 Βίας
1116 2270 1132 2333 ό
1167 2269 1343 2356 Πριηνεὺς
1372 2273 1435 2334 καὶ

257 2374 377 2440 Σόλων
401 2375 417 2439 ό
439 2377 621 2462 ἡμέτερος
643 2378 705 2440 καὶ
728 2375 976 2464 Κλεόβουλος
1000 2379 1016 2440 ό
1041 2376 1196 2452 Λίνδιος
1219 2378 1283 2441 καὶ
1306 2377 1434 2442 Μύσων

258 2483 274 2546 ό
299 2481 443 2562 Χηνεύς
465 2485 527 2548 καί
549 2483 716 2572 ἕβδομος
732 2484 767 2547 ἐν
789 2483 940 2560 τούτοις
964 2485 1117 2569 ἐλέγετο
1133 2484 1435 2572 Λακεδαιμόνιος

258 2591 392 2656 Χίλων.
439 2587 538 2655 Οὔτοι
569 2593 679 2668 πάντες
706 2591 843 2672 ζηλωταί
873 2593 926 2656 καὶ
957 2591 1083 2678 ἐρασταί
1109 2595 1161 2656 καὶ
1196 2591 1335 2678 μαθηταὶ
1357 2590 1434 2673 ἦσαν

258 2704 313 2778 τῆς
339 2697 590 2785 Λακεδαιμονίων
616 2700 763 2775 παιδείας.
810 2699 873 2764 Καὶ
904 2699 1083 2787 καταμάθοι
1102 2697 1147 2764 ἄν
1171 2723 1217 2776 τις
1250 2700 1349 2764 αὐτῶν
1376 2702 1431 2779 τὴν

136 2873 147 2895 Ι
258 2805 365 2892 σοφίαν
375 2802 615 2884 τοιαότηνοῦσαν
624 2804 746 2893 ῥήματα
755 2805 1141 2894 βραχέαάξιομνημόνευτα
1149 2805 1271 2892 ἑκάστῳ
1282 2807 1433 2893 εἰρημένα.

259 2909 344 2976 οὗτοι
352 2913 404 2976 καί
412 2918 498 3001 κοινῇ
507 2911 706 2988 ξυνελθόντες
716 2912 848 3000 ἀπαρχὴν
860 2920 916 2994 τῆς
928 2915 1037 3002 σοφίας
1051 2913 1199 2978 ἀνέθεσαν
1212 2913 1435 2999 τῷἈτόλλωνι

258 3019 301 3095 είς
311 3020 366 3083 τὸν
381 3022 453 3083 νεὼν
469 3020 522 3082 τὸν
538 3019 569 3082 ἐν
587 3016 715 3108 Δελφοῖς
731 3019 906 3108 γράψαντες
920 3001 1029 3084 ταῦτα.
1048 3021 1123 3101 &bb
1135 3021 1245 3096 πάντες
1258 3021 1382 3106 ὑμνοῦσι
1400 3066 1405 3078 .
1426 3071 1432 3084 .

257 3127 321 3190 Tou
343 3127 382 3206 δὴ
406 3125 496 3190 ἕνεκα
526 3133 628 3190 ταῦτα
650 3128 747 3213 λέγω;
777 3126 824 3190 ότι
852 3125 940 3202 οὗτος
969 3129 984 3190 ό
1015 3129 1128 3214 τρόπος
1157 3125 1192 3208 ἦν
1217 3135 1277 3190 τῶν
1299 3129 1434 3194 παλαιῶν

256 3240 312 3314 τῆς
349 3236 537 3322 φιλοσοφίας,
579 3234 769 3321 βραχυλογία
807 3256 853 3310 τις
891 3235 1064 3314 Λακωνική.
1112 3229 1184 3310 Quo
1231 3228 1301 3294 loco
1341 3229 1433 3295 Plato

257 3335 440 3416 Thaletem,
456 3335 626 3418 Pittacum,
650 3335 811 3420 Biantem,
830 3335 994 3419 Solonem,
1020 3334 1224 3420 Cleobulus,
1251 3336 1434 3423 Myconum,

240 3441 427 3508 ¹Chilonem
454 3453 488 3508 ut
503 3443 592 3508 viros
613 3442 758 3530 perfecte
781 3442 944 3530 planeque
966 3443 1111 3509 eruditos
1137 3453 1314 3509 enumerat.
1362 3445 1434 3510 Non

257 3551 392 3637 quosvis
428 3573 447 3615 a
489 3573 525 3615 se
566 3549 688 3616 electos
724 3549 814 3615 illum
850 3553 883 3615 in
918 3552 1114 3638 sapientium
1147 3549 1330 3637 catalogum
1360 3575 1434 3618 con-

257 3659 432 3746 scripsisse
471 3657 637 3723 luculento
666 3669 856 3744 argumento
897 3669 973 3724 sunt
1006 3657 1107 3723 verba
1145 3664 1196 3727 καὶ
1230 3661 1365 3752 ἕβδομος
1404 3666 1436 3729 ἐν

255 3770 377 3848 τούτοις
399 3771 535 3858 ἐλέγετο.
583 3765 723 3853 Itaque
749 3788 873 3853 neque
906 3787 1104 3830 numerum
1128 3786 1255 3851 neque
1278 3769 1434 3831 nomina

187 3874 189 3877 ’
257 3895 393 3939 eorum
419 3873 483 3960 qui
507 3872 581 3938 buc
606 3875 841 3958 congregati
866 3871 981 3938 nobis
999 3895 1088 3938 sese
1114 3870 1305 3956 offerunt,
1321 3871 1433 3938 Plato

256 3983 345 4068 ipse
369 3981 585 4064 constituit,
620 3979 688 4046 sed
718 3990 928 4067 utrumque
958 3981 987 4044 ei
1015 3990 1173 4067 praesto
1204 3983 1275 4044 iam
1300 3979 1432 4044 fuisse

256 4086 550 4154 concludamus
574 4109 742 4154 neeesse
766 4098 834 4154 est.

346 4193 414 4259 lam
440 4216 501 4260 nos
517 4197 667 4282 quaestio
685 4204 790 4277 vocat,
814 4193 901 4260 unde
920 4194 1006 4281 quod
1020 4194 1111 4259 Plato
1130 4195 1208 4260 dicit
1225 4195 1431 4281 desumptum

257 4311 407 4390 putemus
436 4311 533 4388 atque
567 4302 697 4386 quando
727 4303 856 4367 omnino
887 4311 1012 4388 septem
1042 4303 1237 4389 sapientium
1263 4300 1431 4388 catalogus

257 4410 452 4476 constitutus
477 4410 527 4474 eit.

348 4515 445 4598 Quod
471 4516 560 4582 Plato
586 4516 714 4603 singula
739 4526 863 4604 septem
889 4517 1081 4602 sapientium
1107 4517 1239 4581 nomina
1263 4528 1432 4582 enumerat
