<?xml version="1.0" encoding="UTF-8"?>
<!DOCTYPE html PUBLIC "-//W3C//DTD XHTML 1.0 Transitional//EN"
    "http://www.w3.org/TR/xhtml1/DTD/xhtml1-transitional.dtd">
<html xmlns="http://www.w3.org/1999/xhtml" xml:lang="en" lang="en">
 <head>
  <title>
</title>
<meta http-equiv="Content-Type" content="text/html;charset=utf-8" />
  <meta name='ocr-system' content='tesseract 3.04.00' />
  <meta name='ocr-capabilities' content='ocr_page ocr_carea ocr_par ocr_line ocrx_word'/>
</head>
<body>
  <div class='ocr_page' id='page_1' title='image "./deviatqueindole00cohngoog/deviatqueindole00cohngoog_0123.png"; bbox 0 0 3496 5310; ppageno 0'>
   <div class='ocr_carea' id='block_1_1' title="bbox 952 393 993 458">
    <p class='ocr_par' dir='ltr' id='par_1_1' title="bbox 952 393 993 458">
     <span class='ocr_line' id='line_1_1' title="bbox 952 393 993 458; baseline 0 0"><span class='ocrx_word' id='word_1_1' title='bbox 952 393 993 458; x_wconf 90' lang='lat'><strong>18</strong></span> 
     </span>
    </p>
   </div>
   <div class='ocr_carea' id='block_1_2' title="bbox 248 605 1590 4138">
    <p class='ocr_par' dir='ltr' id='par_1_2' title="bbox 248 605 1588 2074">
     <span class='ocr_line' id='line_1_2' title="bbox 355 605 1581 690; baseline -0.002 -16"><span class='ocrx_word' id='word_1_2' title='bbox 355 605 505 674; x_wconf 88' lang='lat' dir='ltr'><strong>adhibita</strong></span> <span class='ocrx_word' id='word_1_3' title='bbox 536 606 570 671; x_wconf 96' lang='lat' dir='ltr'><strong>in</strong></span> <span class='ocrx_word' id='word_1_4' title='bbox 603 605 805 673; x_wconf 87' lang='lat' dir='ltr'><strong>nominativo</strong></span> <span class='ocrx_word' id='word_1_5' title='bbox 842 623 920 672; x_wconf 86' lang='lat' dir='ltr'><strong>casu</strong></span> <span class='ocrx_word' id='word_1_6' title='bbox 952 605 1144 672; x_wconf 90' lang='lat' dir='ltr'><strong>disserendo</strong></span> <span class='ocrx_word' id='word_1_7' title='bbox 1179 605 1404 690; x_wconf 85' lang='lat' dir='ltr'><strong>cognovimus,</strong></span> <span class='ocrx_word' id='word_1_8' title='bbox 1445 623 1581 688; x_wconf 88' lang='lat' dir='ltr'><strong>quorum</strong></span> 
     </span>
     <span class='ocr_line' id='line_1_3' title="bbox 355 713 1584 797; baseline -0.001 -17"><span class='ocrx_word' id='word_1_9' title='bbox 355 715 498 781; x_wconf 87' lang='lat' dir='ltr'><strong>maxima</strong></span> <span class='ocrx_word' id='word_1_10' title='bbox 528 733 606 797; x_wconf 90' lang='lat' dir='ltr'><strong>pars</strong></span> <span class='ocrx_word' id='word_1_11' title='bbox 635 713 775 796; x_wconf 88' lang='lat' dir='ltr'><strong>speciem</strong></span> <span class='ocrx_word' id='word_1_12' title='bbox 800 713 958 796; x_wconf 81' lang='lat' dir='ltr'><strong>elingua</strong></span> <span class='ocrx_word' id='word_1_13' title='bbox 981 713 1106 780; x_wconf 88' lang='lat' dir='ltr'><strong>Latina</strong></span> <span class='ocrx_word' id='word_1_14' title='bbox 1130 713 1228 797; x_wconf 85' lang='lat' dir='ltr'><strong>longe</strong></span> <span class='ocrx_word' id='word_1_15' title='bbox 1252 713 1416 780; x_wconf 89' lang='lat' dir='ltr'><strong>diversam</strong></span> <span class='ocrx_word' id='word_1_16' title='bbox 1443 714 1584 795; x_wconf 89' lang='lat' dir='ltr'><strong>praebet</strong></span> 
     </span>
     <span class='ocr_line' id='line_1_4' title="bbox 355 819 1584 903; baseline -0.002 -15"><span class='ocrx_word' id='word_1_17' title='bbox 355 822 448 888; x_wconf 90' lang='lat' dir='ltr'><strong>velut</strong></span> <span class='ocrx_word' id='word_1_18' title='bbox 480 821 627 903; x_wconf 89' lang='lat' dir='ltr'><strong>nomina,</strong></span> <span class='ocrx_word' id='word_1_19' title='bbox 661 840 745 903; x_wconf 87' lang='lat' dir='ltr'><strong>quae</strong></span> <span class='ocrx_word' id='word_1_20' title='bbox 775 821 810 886; x_wconf 94' lang='lat' dir='ltr'><strong>iu</strong></span> <span class='ocrx_word' id='word_1_21' title='bbox 840 843 871 888; x_wconf 86' lang='lat' dir='ltr'><strong>-e</strong></span> <span class='ocrx_word' id='word_1_22' title='bbox 901 820 955 888; x_wconf 90' lang='lat' dir='ltr'><strong>vel</strong></span> <span class='ocrx_word' id='word_1_23' title='bbox 987 821 1021 887; x_wconf 95' lang='lat' dir='ltr'><strong>in</strong></span> <span class='ocrx_word' id='word_1_24' title='bbox 1051 843 1122 888; x_wconf 70' lang='lat' dir='ltr'><strong>eus</strong></span> <span class='ocrx_word' id='word_1_25' title='bbox 1151 819 1315 888; x_wconf 87' lang='lat' dir='ltr'><strong>desinunt.</strong></span> <span class='ocrx_word' id='word_1_26' title='bbox 1363 821 1499 888; x_wconf 87' lang='lat' dir='ltr'><strong>eandem</strong></span> <span class='ocrx_word' id='word_1_27' title='bbox 1529 820 1584 888; x_wconf 88' lang='lat' dir='ltr'><strong>vel</strong></span> 
     </span>
     <span class='ocr_line' id='line_1_5' title="bbox 354 928 1585 1010; baseline -0.002 -14"><span class='ocrx_word' id='word_1_28' title='bbox 354 929 511 996; x_wconf 87' lang='lat' dir='ltr'><strong>maiorem</strong></span> <span class='ocrx_word' id='word_1_29' title='bbox 528 929 757 996; x_wconf 84' lang='lat' dir='ltr'><strong>diversitatem</strong></span> <span class='ocrx_word' id='word_1_30' title='bbox 774 928 1042 995; x_wconf 79' lang='lat' dir='ltr'><strong>terminationem</strong></span> <span class='ocrx_word' id='word_1_31' title='bbox 1060 929 1237 996; x_wconf 85' lang='lat' dir='ltr'><strong>vocativi</strong></span> <span class='ocrx_word' id='word_1_32' title='bbox 1257 946 1366 996; x_wconf 92' lang='lat' dir='ltr'><strong>eorum</strong></span> <span class='ocrx_word' id='word_1_33' title='bbox 1384 947 1469 1010; x_wconf 88' lang='lat' dir='ltr'><strong>quae</strong></span> <span class='ocrx_word' id='word_1_34' title='bbox 1484 946 1585 1009; x_wconf 85' lang='lat' dir='ltr'><strong>snpra</strong></span> 
     </span>
     <span class='ocr_line' id='line_1_6' title="bbox 356 1036 1584 1118; baseline -0.001 -16"><span class='ocrx_word' id='word_1_35' title='bbox 356 1037 527 1104; x_wconf 84' lang='lat' dir='ltr'><strong>attulimus</strong></span> <span class='ocrx_word' id='word_1_36' title='bbox 555 1037 719 1103; x_wconf 85' lang='lat' dir='ltr'><strong>nominum</strong></span> <span class='ocrx_word' id='word_1_37' title='bbox 749 1036 937 1104; x_wconf 91' lang='lat' dir='ltr'><strong>ostendunt.</strong></span> <span class='ocrx_word' id='word_1_38' title='bbox 984 1037 1149 1102; x_wconf 91' lang='lat' dir='ltr'><strong>nominum</strong></span> <span class='ocrx_word' id='word_1_39' title='bbox 1178 1036 1322 1118; x_wconf 87' lang='lat' dir='ltr'><strong>quaein</strong></span> <span class='ocrx_word' id='word_1_40' title='bbox 1352 1054 1427 1103; x_wconf 87' lang='lat' dir='ltr'><strong>-eus</strong></span> <span class='ocrx_word' id='word_1_41' title='bbox 1450 1041 1584 1118; x_wconf 85' lang='lat' dir='ltr'><strong>exeunt,</strong></span> 
     </span>
     <span class='ocr_line' id='line_1_7' title="bbox 355 1143 1584 1224; baseline -0.002 -13"><span class='ocrx_word' id='word_1_42' title='bbox 355 1145 543 1211; x_wconf 85' lang='lat' dir='ltr'><strong>vocativum</strong></span> <span class='ocrx_word' id='word_1_43' title='bbox 575 1167 593 1211; x_wconf 80' lang='lat' dir='ltr'><strong>s</strong></span> <span class='ocrx_word' id='word_1_44' title='bbox 624 1144 740 1211; x_wconf 89' lang='lat' dir='ltr'><strong>littera</strong></span> <span class='ocrx_word' id='word_1_45' title='bbox 770 1144 944 1210; x_wconf 88' lang='lat' dir='ltr'><strong>subtracta</strong></span> <span class='ocrx_word' id='word_1_46' title='bbox 968 1162 1058 1210; x_wconf 91' lang='lat' dir='ltr'><strong>more</strong></span> <span class='ocrx_word' id='word_1_47' title='bbox 1082 1143 1282 1210; x_wconf 83' lang='lat' dir='ltr'><strong>Graecorum</strong></span> <span class='ocrx_word' id='word_1_48' title='bbox 1307 1143 1379 1209; x_wconf 89' lang='lat' dir='ltr'><strong>lieri</strong></span> <span class='ocrx_word' id='word_1_49' title='bbox 1403 1143 1467 1208; x_wconf 88' lang='lat' dir='ltr'><strong>iam</strong></span> <span class='ocrx_word' id='word_1_50' title='bbox 1492 1162 1522 1224; x_wconf 94' lang='lat' dir='ltr'><strong>p.</strong></span> <span class='ocrx_word' id='word_1_51' title='bbox 1544 1143 1584 1209; x_wconf 86' lang='lat' dir='ltr'><strong>lb</strong></span> 
     </span>
     <span class='ocr_line' id='line_1_8' title="bbox 356 1250 1585 1337; baseline 0 -19"><span class='ocrx_word' id='word_1_52' title='bbox 356 1251 505 1319; x_wconf 85' lang='lat' dir='ltr'><strong>diximus.</strong></span> <span class='ocrx_word' id='word_1_53' title='bbox 554 1251 735 1318; x_wconf 82' lang='lat' dir='ltr'><strong>Catullus</strong></span> <span class='ocrx_word' id='word_1_54' title='bbox 760 1251 908 1318; x_wconf 82' lang='lat' dir='ltr'><strong>Graecos</strong></span> <span class='ocrx_word' id='word_1_55' title='bbox 930 1250 1080 1318; x_wconf 89' lang='lat' dir='ltr'><strong>imitatus</strong></span> <span class='ocrx_word' id='word_1_56' title='bbox 1107 1250 1139 1317; x_wconf 95' lang='lat' dir='ltr'><strong>in</strong></span> <span class='ocrx_word' id='word_1_57' title='bbox 1165 1251 1311 1318; x_wconf 81' lang='lat' dir='ltr'><strong>carmine</strong></span> <span class='ocrx_word' id='word_1_58' title='bbox 1333 1251 1378 1317; x_wconf 85' lang='grc'><strong>64</strong></span> <span class='ocrx_word' id='word_1_59' title='bbox 1401 1250 1498 1318; x_wconf 78' lang='lat' dir='ltr'><strong>Peleu</strong></span> <span class='ocrx_word' id='word_1_60' title='bbox 1513 1251 1585 1337; x_wconf 72' lang='grc'>126)</span> 
     </span>
     <span class='ocr_line' id='line_1_9' title="bbox 356 1357 1586 1445; baseline 0 -22"><span class='ocrx_word' id='word_1_61' title='bbox 356 1367 391 1425; x_wconf 92' lang='lat' dir='ltr'><strong>et</strong></span> <span class='ocrx_word' id='word_1_62' title='bbox 427 1358 751 1445; x_wconf 77' lang='lat' dir='ltr'><strong>Thesea(69.133)</strong></span> <span class='ocrx_word' id='word_1_63' title='bbox 781 1359 880 1443; x_wconf 87' lang='lat' dir='ltr'><strong>dixit,</strong></span> <span class='ocrx_word' id='word_1_64' title='bbox 919 1358 1124 1444; x_wconf 85' lang='lat' dir='ltr'><strong>Vergilius</strong></span> <span class='ocrx_word' id='word_1_65' title='bbox 1156 1377 1276 1442; x_wconf 86' lang='lat' dir='ltr'><strong>graece</strong></span> <span class='ocrx_word' id='word_1_66' title='bbox 1308 1359 1367 1425; x_wconf 88' lang='lat' dir='ltr'><strong>hos</strong></span> <span class='ocrx_word' id='word_1_67' title='bbox 1408 1357 1586 1440; x_wconf 86' lang='lat' dir='ltr'><strong>alloquitur</strong></span> 
     </span>
     <span class='ocr_line' id='line_1_10' title="bbox 357 1465 1585 1552; baseline 0.004 -20"><span class='ocrx_word' id='word_1_68' title='bbox 357 1468 491 1534; x_wconf 88' lang='lat' dir='ltr'><strong>heroas:</strong></span> <span class='ocrx_word' id='word_1_69' title='bbox 518 1467 647 1534; x_wconf 70' lang='grc'>01111111</span> <span class='ocrx_word' id='word_1_70' title='bbox 663 1467 746 1552; x_wconf 87' lang='grc' dir='ltr'><strong>(ΧΠ</strong></span> <span class='ocrx_word' id='word_1_71' title='bbox 761 1467 852 1552; x_wconf 84' lang='lat'>538),</span> <span class='ocrx_word' id='word_1_72' title='bbox 880 1465 1006 1550; x_wconf 72' lang='lat' dir='ltr'><strong>Orphea</strong></span> <span class='ocrx_word' id='word_1_73' title='bbox 1022 1465 1086 1552; x_wconf 84' lang='lat' dir='ltr'><strong>(ge.</strong></span> <span class='ocrx_word' id='word_1_74' title='bbox 1101 1468 1131 1534; x_wconf 81' lang='lat'><strong>4.</strong></span> <span class='ocrx_word' id='word_1_75' title='bbox 1145 1468 1222 1552; x_wconf 83' lang='lat'>494),</span> <span class='ocrx_word' id='word_1_76' title='bbox 1247 1467 1364 1534; x_wconf 76' lang='lat' dir='ltr'><strong>Protea</strong></span> <span class='ocrx_word' id='word_1_77' title='bbox 1379 1465 1444 1551; x_wconf 83' lang='lat' dir='ltr'><strong>(ge.</strong></span> <span class='ocrx_word' id='word_1_78' title='bbox 1462 1469 1493 1532; x_wconf 83' lang='lat'><strong>4.</strong></span> <span class='ocrx_word' id='word_1_79' title='bbox 1507 1467 1585 1552; x_wconf 82' lang='grc'>447),</span> 
     </span>
     <span class='ocr_line' id='line_1_11' title="bbox 357 1574 1588 1662; baseline -0.002 -20"><span class='ocrx_word' id='word_1_80' title='bbox 357 1575 551 1642; x_wconf 86' lang='lat' dir='ltr'><strong>Horatius</strong></span> <span class='ocrx_word' id='word_1_81' title='bbox 574 1576 648 1641; x_wconf 91' lang='lat' dir='ltr'><strong>hos:</strong></span> <span class='ocrx_word' id='word_1_82' title='bbox 681 1576 777 1642; x_wconf 77' lang='lat' dir='ltr'><strong>Peleu</strong></span> <span class='ocrx_word' id='word_1_83' title='bbox 795 1579 838 1662; x_wconf 83' lang='lat' dir='ltr'><strong>(a.</strong></span> <span class='ocrx_word' id='word_1_84' title='bbox 857 1595 887 1658; x_wconf 95' lang='lat' dir='ltr'><strong>p.</strong></span> <span class='ocrx_word' id='word_1_85' title='bbox 908 1575 996 1660; x_wconf 90' lang='grc'>104),</span> <span class='ocrx_word' id='word_1_86' title='bbox 1026 1575 1165 1642; x_wconf 81' lang='lat' dir='ltr'><strong>Pcatlrcu</strong></span> <span class='ocrx_word' id='word_1_87' title='bbox 1188 1574 1252 1657; x_wconf 80' lang='lat' dir='ltr'><strong>(ep.</strong></span> <span class='ocrx_word' id='word_1_88' title='bbox 1270 1574 1287 1640; x_wconf 97' lang='grc' dir='ltr'>Ι</span> <span class='ocrx_word' id='word_1_89' title='bbox 1305 1576 1356 1641; x_wconf 92' lang='grc'><strong>16.</strong></span> <span class='ocrx_word' id='word_1_90' title='bbox 1371 1574 1429 1659; x_wconf 81' lang='lat'>73),</span> <span class='ocrx_word' id='word_1_91' title='bbox 1460 1574 1588 1659; x_wconf 75' lang='lat' dir='ltr'><strong>Appiae</strong></span> 
     </span>
     <span class='ocr_line' id='line_1_12' title="bbox 358 1682 1015 1770; baseline 0.003 -21"><span class='ocrx_word' id='word_1_92' title='bbox 358 1683 399 1770; x_wconf 89' lang='grc'><strong>(1.</strong></span> <span class='ocrx_word' id='word_1_93' title='bbox 417 1683 465 1749; x_wconf 87' lang='lat' dir='ltr'><strong>IV</strong></span> <span class='ocrx_word' id='word_1_94' title='bbox 481 1684 511 1750; x_wconf 88' lang='lat'><strong>6.</strong></span> <span class='ocrx_word' id='word_1_95' title='bbox 526 1683 584 1768; x_wconf 80' lang='lat'>28),</span> <span class='ocrx_word' id='word_1_96' title='bbox 608 1683 777 1750; x_wconf 80' lang='lat' dir='ltr'><strong>Bassareu</strong></span> <span class='ocrx_word' id='word_1_97' title='bbox 799 1682 841 1767; x_wconf 87' lang='lat' dir='ltr'><strong>(c.</strong></span> <span class='ocrx_word' id='word_1_98' title='bbox 858 1683 875 1747; x_wconf 94' lang='grc' dir='ltr'>Ι</span> <span class='ocrx_word' id='word_1_99' title='bbox 894 1683 1015 1765; x_wconf 83' lang='lat'><strong>18.11).</strong></span> 
     </span>
     <span class='ocr_line' id='line_1_13' title="bbox 248 1789 1586 1879; baseline 0.001 -22"><span class='ocrx_word' id='word_1_100' title='bbox 248 1875 251 1879; x_wconf 81' lang='lat'><strong>.</strong></span> <span class='ocrx_word' id='word_1_101' title='bbox 449 1791 684 1873; x_wconf 84' lang='lat' dir='ltr'><strong>Propertius</strong></span> <span class='ocrx_word' id='word_1_102' title='bbox 708 1810 773 1856; x_wconf 94' lang='lat' dir='ltr'><strong>uno</strong></span> <span class='ocrx_word' id='word_1_103' title='bbox 797 1791 867 1856; x_wconf 91' lang='lat' dir='ltr'><strong>loco</strong></span> <span class='ocrx_word' id='word_1_104' title='bbox 890 1791 1078 1858; x_wconf 85' lang='lat' dir='ltr'><strong>vocativum</strong></span> <span class='ocrx_word' id='word_1_105' title='bbox 1093 1789 1241 1857; x_wconf 89' lang='lat' dir='ltr'><strong>admisit:</strong></span> <span class='ocrx_word' id='word_1_106' title='bbox 1266 1789 1393 1875; x_wconf 56' lang='grc'>11111111</span> <span class='ocrx_word' id='word_1_107' title='bbox 1413 1789 1462 1874; x_wconf 87' lang='grc' dir='ltr'><strong>(Π</strong></span> <span class='ocrx_word' id='word_1_108' title='bbox 1479 1790 1533 1856; x_wconf 83' lang='lat'><strong>34.</strong></span> <span class='ocrx_word' id='word_1_109' title='bbox 1544 1789 1586 1875; x_wconf 85' lang='lat'><strong>9),</strong></span> 
     </span>
     <span class='ocr_line' id='line_1_14' title="bbox 355 1896 1588 1982; baseline 0 -18"><span class='ocrx_word' id='word_1_110' title='bbox 355 1899 487 1981; x_wconf 91' lang='lat' dir='ltr'><strong>saepius</strong></span> <span class='ocrx_word' id='word_1_111' title='bbox 518 1897 696 1980; x_wconf 86' lang='lat' dir='ltr'><strong>Ouidius,</strong></span> <span class='ocrx_word' id='word_1_112' title='bbox 728 1900 813 1981; x_wconf 93' lang='lat' dir='ltr'><strong>apud</strong></span> <span class='ocrx_word' id='word_1_113' title='bbox 844 1917 939 1981; x_wconf 87' lang='lat' dir='ltr'><strong>quern</strong></span> <span class='ocrx_word' id='word_1_114' title='bbox 966 1899 1094 1981; x_wconf 75' lang='lat' dir='ltr'><strong>Enipea</strong></span> <span class='ocrx_word' id='word_1_115' title='bbox 1124 1899 1280 1965; x_wconf 81' lang='lat' dir='ltr'><strong>Macareo</strong></span> <span class='ocrx_word' id='word_1_116' title='bbox 1314 1896 1439 1982; x_wconf 75' lang='lat' dir='ltr'><strong>Orphea</strong></span> <span class='ocrx_word' id='word_1_117' title='bbox 1466 1899 1588 1964; x_wconf 81' lang='lat' dir='ltr'><strong>Persou</strong></span> 
     </span>
     <span class='ocr_line' id='line_1_15' title="bbox 354 2005 1368 2074; baseline 0.004 -4"><span class='ocrx_word' id='word_1_118' title='bbox 354 2005 479 2074; x_wconf 77' lang='lat' dir='ltr'><strong>Phineu</strong></span> <span class='ocrx_word' id='word_1_119' title='bbox 502 2007 598 2073; x_wconf 80' lang='lat' dir='ltr'><strong>Pelea</strong></span> <span class='ocrx_word' id='word_1_120' title='bbox 623 2006 743 2074; x_wconf 79' lang='lat' dir='ltr'><strong>Theseu</strong></span> <span class='ocrx_word' id='word_1_121' title='bbox 769 2008 869 2072; x_wconf 78' lang='lat' dir='ltr'><strong>Terea</strong></span> <span class='ocrx_word' id='word_1_122' title='bbox 893 2005 1016 2072; x_wconf 79' lang='lat' dir='ltr'><strong>Caenea</strong></span> <span class='ocrx_word' id='word_1_123' title='bbox 1043 2006 1159 2073; x_wconf 79' lang='lat' dir='ltr'><strong>Proteo</strong></span> <span class='ocrx_word' id='word_1_124' title='bbox 1182 2012 1368 2074; x_wconf 81' lang='lat' dir='ltr'><strong>occurrunt.</strong></span> 
     </span>
    </p>

    <p class='ocr_par' dir='ltr' id='par_1_3' title="bbox 356 2108 1590 2951">
     <span class='ocr_line' id='line_1_16' title="bbox 445 2108 1588 2195; baseline -0.002 -15"><span class='ocrx_word' id='word_1_125' title='bbox 445 2114 593 2180; x_wconf 83' lang='lat' dir='ltr'><strong>Eandem</strong></span> <span class='ocrx_word' id='word_1_126' title='bbox 633 2113 780 2180; x_wconf 85' lang='lat' dir='ltr'><strong>vocativi</strong></span> <span class='ocrx_word' id='word_1_127' title='bbox 820 2112 986 2179; x_wconf 86' lang='lat' dir='ltr'><strong>formandi</strong></span> <span class='ocrx_word' id='word_1_128' title='bbox 1031 2108 1199 2180; x_wconf 87' lang='lat' dir='ltr'><strong>rationem&#39;</strong></span> <span class='ocrx_word' id='word_1_129' title='bbox 1232 2119 1415 2195; x_wconf 87' lang='lat' dir='ltr'><strong>sequuntur</strong></span> <span class='ocrx_word' id='word_1_130' title='bbox 1453 2111 1588 2180; x_wconf 85' lang='lat' dir='ltr'><strong>nomina</strong></span> 
     </span>
     <span class='ocr_line' id='line_1_17' title="bbox 357 2219 1586 2303; baseline -0.002 -15"><span class='ocrx_word' id='word_1_131' title='bbox 357 2240 488 2303; x_wconf 92' lang='lat' dir='ltr'><strong>quorum</strong></span> <span class='ocrx_word' id='word_1_132' title='bbox 520 2221 710 2288; x_wconf 88' lang='lat' dir='ltr'><strong>terminatio</strong></span> <span class='ocrx_word' id='word_1_133' title='bbox 740 2227 792 2287; x_wconf 89' lang='lat' dir='ltr'><strong>est</strong></span> <span class='ocrx_word' id='word_1_134' title='bbox 821 2223 865 2288; x_wconf 78' lang='lat' dir='ltr'><strong>-is</strong></span> <span class='ocrx_word' id='word_1_135' title='bbox 889 2227 923 2287; x_wconf 92' lang='lat' dir='ltr'><strong>et</strong></span> <span class='ocrx_word' id='word_1_136' title='bbox 945 2244 1000 2288; x_wconf 81' lang='lat' dir='ltr'><strong>-us</strong></span> <span class='ocrx_word' id='word_1_137' title='bbox 1022 2243 1059 2286; x_wconf 76' lang='lat' dir='ltr'><strong>-e</strong></span> <span class='ocrx_word' id='word_1_138' title='bbox 1088 2221 1195 2289; x_wconf 89' lang='lat' dir='ltr'><strong>vocali</strong></span> <span class='ocrx_word' id='word_1_139' title='bbox 1219 2221 1389 2303; x_wconf 86' lang='lat' dir='ltr'><strong>producta.</strong></span> <span class='ocrx_word' id='word_1_140' title='bbox 1437 2219 1586 2288; x_wconf 84' lang='lat' dir='ltr'><strong>vocativi</strong></span> 
     </span>
     <span class='ocr_line' id='line_1_18' title="bbox 356 2328 1588 2412; baseline 0 -18"><span class='ocrx_word' id='word_1_141' title='bbox 356 2328 427 2396; x_wconf 88' lang='lat' dir='ltr'><strong>eius</strong></span> <span class='ocrx_word' id='word_1_142' title='bbox 450 2329 581 2412; x_wconf 85' lang='lat' dir='ltr'><strong>generis</strong></span> <span class='ocrx_word' id='word_1_143' title='bbox 605 2336 781 2396; x_wconf 91' lang='lat' dir='ltr'><strong>occurrunt</strong></span> <span class='ocrx_word' id='word_1_144' title='bbox 803 2330 892 2410; x_wconf 87' lang='lat' dir='ltr'><strong>apud</strong></span> <span class='ocrx_word' id='word_1_145' title='bbox 916 2328 1130 2395; x_wconf 85' lang='lat' dir='ltr'><strong>Catullum:</strong></span> <span class='ocrx_word' id='word_1_146' title='bbox 1160 2329 1408 2412; x_wconf 72' lang='grc' dir='ltr'>Α111111114.13,</span> <span class='ocrx_word' id='word_1_147' title='bbox 1433 2335 1465 2395; x_wconf 90' lang='lat' dir='ltr'><strong>iu</strong></span> <span class='ocrx_word' id='word_1_148' title='bbox 1490 2328 1588 2394; x_wconf 89' lang='lat' dir='ltr'><strong>libris</strong></span> 
     </span>
     <span class='ocr_line' id='line_1_19' title="bbox 358 2435 1589 2524; baseline -0.001 -22"><span class='ocrx_word' id='word_1_149' title='bbox 358 2436 620 2520; x_wconf 80' lang='lat' dir='ltr'><strong>Vergilianis:</strong></span> <span class='ocrx_word' id='word_1_150' title='bbox 649 2438 770 2522; x_wconf 73' lang='lat' dir='ltr'><strong>Thybri</strong></span> <span class='ocrx_word' id='word_1_151' title='bbox 785 2438 836 2502; x_wconf 79' lang='lat' dir='ltr'><strong>Iri</strong></span> <span class='ocrx_word' id='word_1_152' title='bbox 851 2437 1015 2521; x_wconf 77' lang='lat' dir='ltr'><strong>Amarylli</strong></span> <span class='ocrx_word' id='word_1_153' title='bbox 1030 2437 1126 2503; x_wconf 68' lang='lat' dir='ltr'><strong>Aba</strong></span> <span class='ocrx_word' id='word_1_154' title='bbox 1141 2436 1275 2520; x_wconf 77' lang='lat' dir='ltr'><strong>Daplms&#39;</strong></span> <span class='ocrx_word' id='word_1_155' title='bbox 1294 2435 1434 2524; x_wconf 64' lang='grc'>11111111)</span> <span class='ocrx_word' id='word_1_156' title='bbox 1457 2437 1589 2503; x_wconf 67' lang='lat' dir='ltr'><strong>Pamin</strong></span> 
     </span>
     <span class='ocr_line' id='line_1_20' title="bbox 357 2543 1590 2628; baseline 0 -18"><span class='ocrx_word' id='word_1_157' title='bbox 357 2544 393 2610; x_wconf 93' lang='lat' dir='ltr'><strong>II</strong></span> <span class='ocrx_word' id='word_1_158' title='bbox 421 2545 600 2628; x_wconf 74' lang='grc'>321411,</span> <span class='ocrx_word' id='word_1_159' title='bbox 640 2544 672 2610; x_wconf 94' lang='lat' dir='ltr'><strong>in</strong></span> <span class='ocrx_word' id='word_1_160' title='bbox 710 2544 908 2611; x_wconf 86' lang='lat' dir='ltr'><strong>carminibus</strong></span> <span class='ocrx_word' id='word_1_161' title='bbox 945 2543 1106 2610; x_wconf 92' lang='lat' dir='ltr'><strong>Horati:</strong></span> <span class='ocrx_word' id='word_1_162' title='bbox 1149 2545 1294 2628; x_wconf 74' lang='lat' dir='ltr'><strong>Tyrtdara&#39;</strong></span> <span class='ocrx_word' id='word_1_163' title='bbox 1327 2544 1418 2610; x_wconf 76' lang='lat' dir='ltr'><strong>Pt&#39;cn&#39;</strong></span> <span class='ocrx_word' id='word_1_164' title='bbox 1450 2544 1590 2627; x_wconf 80' lang='lat' dir='ltr'><strong>Pirnplri</strong></span> 
     </span>
     <span class='ocr_line' id='line_1_21' title="bbox 360 2651 1589 2736; baseline -0.001 -19"><span class='ocrx_word' id='word_1_165' title='bbox 360 2651 476 2733; x_wconf 73' lang='lat' dir='ltr'><strong>Chlori,</strong></span> <span class='ocrx_word' id='word_1_166' title='bbox 502 2653 590 2734; x_wconf 88' lang='lat' dir='ltr'><strong>apud</strong></span> <span class='ocrx_word' id='word_1_167' title='bbox 610 2652 819 2720; x_wconf 82' lang='lat' dir='ltr'><strong>Tibullum:</strong></span> <span class='ocrx_word' id='word_1_168' title='bbox 847 2651 936 2719; x_wconf 68' lang='lat' dir='ltr'><strong>Osee</strong></span> <span class='ocrx_word' id='word_1_169' title='bbox 955 2653 973 2718; x_wconf 93' lang='lat' dir='ltr'>I</span> <span class='ocrx_word' id='word_1_170' title='bbox 993 2655 1023 2719; x_wconf 79' lang='lat'><strong>7.</strong></span> <span class='ocrx_word' id='word_1_171' title='bbox 1037 2669 1081 2736; x_wconf 84' lang='grc'><strong>43,</strong></span> <span class='ocrx_word' id='word_1_172' title='bbox 1106 2653 1138 2717; x_wconf 91' lang='lat' dir='ltr'><strong>in</strong></span> <span class='ocrx_word' id='word_1_173' title='bbox 1164 2651 1280 2736; x_wconf 82' lang='lat' dir='ltr'><strong>elegiis</strong></span> <span class='ocrx_word' id='word_1_174' title='bbox 1296 2670 1379 2734; x_wconf 86' lang='lat' dir='ltr'><strong>quae</strong></span> <span class='ocrx_word' id='word_1_175' title='bbox 1396 2651 1589 2735; x_wconf 81' lang='lat' dir='ltr'><strong>Lygdami</strong></span> 
     </span>
     <span class='ocr_line' id='line_1_22' title="bbox 358 2757 1589 2845; baseline -0.001 -19"><span class='ocrx_word' id='word_1_176' title='bbox 358 2760 523 2826; x_wconf 91' lang='lat' dir='ltr'><strong>dicuntur:</strong></span> <span class='ocrx_word' id='word_1_177' title='bbox 553 2761 673 2842; x_wconf 80' lang='lat' dir='ltr'><strong>Minoi,</strong></span> <span class='ocrx_word' id='word_1_178' title='bbox 707 2761 794 2842; x_wconf 85' lang='lat' dir='ltr'><strong>apud</strong></span> <span class='ocrx_word' id='word_1_179' title='bbox 824 2759 1088 2842; x_wconf 80' lang='lat' dir='ltr'><strong>Propertium:</strong></span> <span class='ocrx_word' id='word_1_180' title='bbox 1117 2759 1251 2827; x_wconf 72' lang='lat' dir='ltr'><strong>Icmiotl</strong></span> <span class='ocrx_word' id='word_1_181' title='bbox 1277 2757 1400 2845; x_wconf 70' lang='grc'>111111)</span> <span class='ocrx_word' id='word_1_182' title='bbox 1423 2760 1519 2842; x_wconf 74' lang='lat' dir='ltr'><strong>Pari,</strong></span> <span class='ocrx_word' id='word_1_183' title='bbox 1552 2757 1589 2825; x_wconf 92' lang='lat' dir='ltr'><strong>in</strong></span> 
     </span>
     <span class='ocr_line' id='line_1_23' title="bbox 358 2865 1587 2951; baseline 0 -18"><span class='ocrx_word' id='word_1_184' title='bbox 358 2868 452 2934; x_wconf 89' lang='lat' dir='ltr'><strong>libris</strong></span> <span class='ocrx_word' id='word_1_185' title='bbox 476 2867 608 2935; x_wconf 87' lang='lat' dir='ltr'><strong>Ovidi:</strong></span> <span class='ocrx_word' id='word_1_186' title='bbox 641 2869 729 2935; x_wconf 79' lang='lat' dir='ltr'><strong>Theti</strong></span> <span class='ocrx_word' id='word_1_187' title='bbox 751 2868 827 2951; x_wconf 83' lang='lat' dir='ltr'><strong>lpbi</strong></span> <span class='ocrx_word' id='word_1_188' title='bbox 849 2868 900 2933; x_wconf 74' lang='grc' dir='ltr'><strong>111Ι</strong></span> <span class='ocrx_word' id='word_1_189' title='bbox 922 2867 1037 2934; x_wconf 74' lang='lat' dir='ltr'><strong>Procri</strong></span> <span class='ocrx_word' id='word_1_190' title='bbox 1059 2867 1160 2951; x_wconf 79' lang='lat' dir='ltr'><strong>prli</strong></span> <span class='ocrx_word' id='word_1_191' title='bbox 1181 2865 1278 2934; x_wconf 80' lang='lat' dir='ltr'><strong>Penei</strong></span> <span class='ocrx_word' id='word_1_192' title='bbox 1301 2867 1443 2934; x_wconf 68' lang='lat' dir='ltr'><strong>dalmaci</strong></span> <span class='ocrx_word' id='word_1_193' title='bbox 1468 2866 1587 2933; x_wconf 76' lang='lat' dir='ltr'><strong>Themi.</strong></span> 
     </span>
    </p>

    <p class='ocr_par' dir='ltr' id='par_1_4' title="bbox 357 2973 1590 4138">
     <span class='ocr_line' id='line_1_24' title="bbox 450 2973 1588 3057; baseline 0.001 -17"><span class='ocrx_word' id='word_1_194' title='bbox 450 2977 500 3042; x_wconf 92' lang='lat'><strong>10.</strong></span> <span class='ocrx_word' id='word_1_195' title='bbox 538 2975 739 3042; x_wconf 79' lang='lat' dir='ltr'><strong>Terminatio</strong></span> <span class='ocrx_word' id='word_1_196' title='bbox 775 2974 970 3042; x_wconf 90' lang='lat' dir='ltr'><strong>nominativi</strong></span> <span class='ocrx_word' id='word_1_197' title='bbox 1004 2973 1143 3057; x_wconf 89' lang='lat' dir='ltr'><strong>pluralis</strong></span> <span class='ocrx_word' id='word_1_198' title='bbox 1179 2975 1266 3057; x_wconf 88' lang='lat' dir='ltr'><strong>apud</strong></span> <span class='ocrx_word' id='word_1_199' title='bbox 1299 2975 1445 3042; x_wconf 86' lang='lat' dir='ltr'><strong>Graecos</strong></span> <span class='ocrx_word' id='word_1_200' title='bbox 1477 2975 1588 3041; x_wconf 87' lang='lat' dir='ltr'><strong>tribus</strong></span> 
     </span>
     <span class='ocr_line' id='line_1_25' title="bbox 357 3081 1587 3170; baseline 0 -22"><span class='ocrx_word' id='word_1_201' title='bbox 357 3083 462 3149; x_wconf 90' lang='lat' dir='ltr'><strong>modis</strong></span> <span class='ocrx_word' id='word_1_202' title='bbox 486 3081 558 3148; x_wconf 88' lang='lat' dir='ltr'><strong>lieri</strong></span> <span class='ocrx_word' id='word_1_203' title='bbox 582 3082 697 3164; x_wconf 90' lang='lat' dir='ltr'><strong>potnit.</strong></span> <span class='ocrx_word' id='word_1_204' title='bbox 730 3083 838 3149; x_wconf 86' lang='lat' dir='ltr'><strong>exitus</strong></span> <span class='ocrx_word' id='word_1_205' title='bbox 862 3082 917 3165; x_wconf 90' lang='lat' dir='ltr'><strong>qui</strong></span> <span class='ocrx_word' id='word_1_206' title='bbox 941 3090 1019 3149; x_wconf 92' lang='lat' dir='ltr'><strong>sunt</strong></span> <span class='ocrx_word' id='word_1_207' title='bbox 1041 3105 1111 3161; x_wconf 87' lang='grc' dir='ltr'>-οι,</span> <span class='ocrx_word' id='word_1_208' title='bbox 1135 3107 1193 3170; x_wconf 84' lang='grc' dir='ltr'><strong>-η,</strong></span> <span class='ocrx_word' id='word_1_209' title='bbox 1216 3105 1278 3158; x_wconf 82' lang='grc' dir='ltr'><strong>-ες</strong></span> <span class='ocrx_word' id='word_1_210' title='bbox 1300 3101 1412 3150; x_wconf 89' lang='lat' dir='ltr'><strong>omnes</strong></span> <span class='ocrx_word' id='word_1_211' title='bbox 1428 3081 1587 3149; x_wconf 89' lang='lat' dir='ltr'><strong>Romanis</strong></span> 
     </span>
     <span class='ocr_line' id='line_1_26' title="bbox 358 3189 1590 3279; baseline 0.002 -23"><span class='ocrx_word' id='word_1_212' title='bbox 358 3190 465 3272; x_wconf 90' lang='lat' dir='ltr'><strong>poetis</strong></span> <span class='ocrx_word' id='word_1_213' title='bbox 495 3189 651 3256; x_wconf 89' lang='lat' dir='ltr'><strong>adhibere</strong></span> <span class='ocrx_word' id='word_1_214' title='bbox 682 3189 784 3257; x_wconf 90' lang='lat' dir='ltr'><strong>licuit.</strong></span> <span class='ocrx_word' id='word_1_215' title='bbox 832 3192 890 3256; x_wconf 89' lang='lat' dir='ltr'><strong>sed</strong></span> <span class='ocrx_word' id='word_1_216' title='bbox 914 3189 1166 3258; x_wconf 81' lang='lat' dir='ltr'><strong>terminationes</strong></span> <span class='ocrx_word' id='word_1_217' title='bbox 1193 3213 1251 3258; x_wconf 90' lang='grc' dir='ltr'><strong>-οι</strong></span> <span class='ocrx_word' id='word_1_218' title='bbox 1276 3194 1310 3257; x_wconf 87' lang='grc'><strong>11</strong></span> <span class='ocrx_word' id='word_1_219' title='bbox 1332 3215 1379 3279; x_wconf 80' lang='grc' dir='ltr'><strong>-η</strong></span> <span class='ocrx_word' id='word_1_220' title='bbox 1408 3189 1512 3257; x_wconf 89' lang='lat' dir='ltr'><strong>latine</strong></span> <span class='ocrx_word' id='word_1_221' title='bbox 1539 3211 1590 3258; x_wconf 82' lang='lat' dir='ltr'><strong>-oe</strong></span> 
     </span>
     <span class='ocr_line' id='line_1_27' title="bbox 359 3293 1589 3380; baseline 0.001 -17"><span class='ocrx_word' id='word_1_222' title='bbox 359 3305 394 3363; x_wconf 90' lang='lat' dir='ltr'><strong>et</strong></span> <span class='ocrx_word' id='word_1_223' title='bbox 417 3319 448 3364; x_wconf 87' lang='lat' dir='ltr'><strong>-e</strong></span> <span class='ocrx_word' id='word_1_224' title='bbox 475 3297 589 3366; x_wconf 85' lang='lat' dir='ltr'><strong>factae</strong></span> <span class='ocrx_word' id='word_1_225' title='bbox 611 3316 747 3380; x_wconf 88' lang='lat' dir='ltr'><strong>perraro</strong></span> <span class='ocrx_word' id='word_1_226' title='bbox 778 3297 873 3364; x_wconf 88' lang='lat' dir='ltr'><strong>nobis</strong></span> <span class='ocrx_word' id='word_1_227' title='bbox 905 3305 1093 3366; x_wconf 86' lang='lat' dir='ltr'><strong>occurrunt.</strong></span> <span class='ocrx_word' id='word_1_228' title='bbox 1141 3297 1278 3365; x_wconf 79' lang='lat' dir='ltr'><strong>Cicero</strong></span> <span class='ocrx_word' id='word_1_229' title='bbox 1309 3293 1445 3366; x_wconf 82' lang='lat' dir='ltr'><strong>‘Arctoa’</strong></span> <span class='ocrx_word' id='word_1_230' title='bbox 1476 3297 1589 3366; x_wconf 87' lang='lat' dir='ltr'><strong>dicere</strong></span> 
     </span>
     <span class='ocr_line' id='line_1_28' title="bbox 359 3403 1586 3492; baseline 0.002 -22"><span class='ocrx_word' id='word_1_231' title='bbox 359 3425 424 3471; x_wconf 93' lang='lat' dir='ltr'><strong>non</strong></span> <span class='ocrx_word' id='word_1_232' title='bbox 448 3405 575 3472; x_wconf 88' lang='lat' dir='ltr'><strong>veritus</strong></span> <span class='ocrx_word' id='word_1_233' title='bbox 599 3406 892 3491; x_wconf 71' lang='grc'>1111111111441),</span> <span class='ocrx_word' id='word_1_234' title='bbox 918 3405 952 3472; x_wconf 93' lang='lat' dir='ltr'><strong>id</strong></span> <span class='ocrx_word' id='word_1_235' title='bbox 975 3406 1061 3488; x_wconf 87' lang='lat' dir='ltr'><strong>quod</strong></span> <span class='ocrx_word' id='word_1_236' title='bbox 1085 3406 1189 3472; x_wconf 88' lang='lat' dir='ltr'><strong>ceteri</strong></span> <span class='ocrx_word' id='word_1_237' title='bbox 1213 3410 1332 3489; x_wconf 88' lang='lat' dir='ltr'><strong>poetae</strong></span> <span class='ocrx_word' id='word_1_238' title='bbox 1348 3403 1586 3492; x_wconf 79' lang='lat' dir='ltr'><strong>vitaveruut&#39;).</strong></span> 
     </span>
     <span class='ocr_line' id='line_1_29' title="bbox 359 3512 1588 3598; baseline 0 -18"><span class='ocrx_word' id='word_1_239' title='bbox 359 3514 461 3580; x_wconf 89' lang='lat' dir='ltr'><strong>multo</strong></span> <span class='ocrx_word' id='word_1_240' title='bbox 493 3513 640 3580; x_wconf 82' lang='lat' dir='ltr'><strong>crebrior</strong></span> <span class='ocrx_word' id='word_1_241' title='bbox 671 3512 737 3579; x_wconf 84' lang='grc'>11111</span> <span class='ocrx_word' id='word_1_242' title='bbox 768 3513 855 3595; x_wconf 84' lang='lat' dir='ltr'><strong>apud</strong></span> <span class='ocrx_word' id='word_1_243' title='bbox 884 3519 1001 3596; x_wconf 89' lang='lat' dir='ltr'><strong>poetas</strong></span> <span class='ocrx_word' id='word_1_244' title='bbox 1034 3513 1091 3579; x_wconf 92' lang='lat' dir='ltr'><strong>ille</strong></span> <span class='ocrx_word' id='word_1_245' title='bbox 1124 3513 1360 3598; x_wconf 87' lang='lat' dir='ltr'><strong>nominativus,</strong></span> <span class='ocrx_word' id='word_1_246' title='bbox 1394 3513 1486 3581; x_wconf 87' lang='lat' dir='ltr'><strong>cuius</strong></span> <span class='ocrx_word' id='word_1_247' title='bbox 1518 3518 1588 3580; x_wconf 85' lang='lat' dir='ltr'><strong>ter-</strong></span> 
     </span>
     <span class='ocr_line' id='line_1_30' title="bbox 359 3620 1589 3704; baseline 0 -16"><span class='ocrx_word' id='word_1_248' title='bbox 359 3622 496 3689; x_wconf 89' lang='lat' dir='ltr'><strong>minatio</strong></span> <span class='ocrx_word' id='word_1_249' title='bbox 530 3645 591 3698; x_wconf 84' lang='grc' dir='ltr'><strong>-ες</strong></span> <span class='ocrx_word' id='word_1_250' title='bbox 624 3621 766 3688; x_wconf 87' lang='lat' dir='ltr'><strong>Latinae</strong></span> <span class='ocrx_word' id='word_1_251' title='bbox 802 3640 896 3703; x_wconf 89' lang='lat' dir='ltr'><strong>quam</strong></span> <span class='ocrx_word' id='word_1_252' title='bbox 932 3620 1095 3687; x_wconf 89' lang='lat' dir='ltr'><strong>simillima</strong></span> <span class='ocrx_word' id='word_1_253' title='bbox 1130 3629 1191 3688; x_wconf 90' lang='lat' dir='ltr'><strong>est.</strong></span> <span class='ocrx_word' id='word_1_254' title='bbox 1249 3628 1368 3704; x_wconf 87' lang='lat' dir='ltr'><strong>poetae</strong></span> <span class='ocrx_word' id='word_1_255' title='bbox 1403 3622 1491 3688; x_wconf 90' lang='lat' dir='ltr'><strong>enim</strong></span> <span class='ocrx_word' id='word_1_256' title='bbox 1524 3621 1589 3688; x_wconf 86' lang='lat' dir='ltr'><strong>hoc</strong></span> 
     </span>
     <span class='ocr_line' id='line_1_31' title="bbox 360 3729 1589 3812; baseline 0 -15"><span class='ocrx_word' id='word_1_257' title='bbox 360 3729 563 3798; x_wconf 87' lang='lat' dir='ltr'><strong>nominativo</strong></span> <span class='ocrx_word' id='word_1_258' title='bbox 594 3729 682 3796; x_wconf 92' lang='lat' dir='ltr'><strong>nullo</strong></span> <span class='ocrx_word' id='word_1_259' title='bbox 713 3730 786 3796; x_wconf 89' lang='lat' dir='ltr'><strong>loco</strong></span> <span class='ocrx_word' id='word_1_260' title='bbox 816 3730 869 3796; x_wconf 91' lang='lat' dir='ltr'><strong>vel</strong></span> <span class='ocrx_word' id='word_1_261' title='bbox 900 3729 1030 3796; x_wconf 91' lang='lat' dir='ltr'><strong>nomine</strong></span> <span class='ocrx_word' id='word_1_262' title='bbox 1060 3735 1200 3812; x_wconf 88' lang='lat' dir='ltr'><strong>excepto</strong></span> <span class='ocrx_word' id='word_1_263' title='bbox 1231 3729 1282 3796; x_wconf 90' lang='lat' dir='ltr'><strong>usi</strong></span> <span class='ocrx_word' id='word_1_264' title='bbox 1308 3734 1395 3796; x_wconf 90' lang='lat' dir='ltr'><strong>sunt.</strong></span> <span class='ocrx_word' id='word_1_265' title='bbox 1443 3729 1589 3797; x_wconf 88' lang='lat' dir='ltr'><strong>utillud</strong></span> 
     </span>
     <span class='ocr_line' id='line_1_32' title="bbox 361 3835 1587 3919; baseline -0.002 -13"><span class='ocrx_word' id='word_1_266' title='bbox 361 3861 409 3906; x_wconf 85' lang='lat' dir='ltr'><strong>-es</strong></span> <span class='ocrx_word' id='word_1_267' title='bbox 441 3838 640 3905; x_wconf 84' lang='lat' dir='ltr'><strong>Graecorum</strong></span> <span class='ocrx_word' id='word_1_268' title='bbox 674 3837 834 3904; x_wconf 91' lang='lat' dir='ltr'><strong>nominum</strong></span> <span class='ocrx_word' id='word_1_269' title='bbox 875 3843 933 3903; x_wconf 87' lang='lat' dir='ltr'><strong>aut</strong></span> <span class='ocrx_word' id='word_1_270' title='bbox 966 3842 1044 3903; x_wconf 89' lang='lat' dir='ltr'><strong>ante</strong></span> <span class='ocrx_word' id='word_1_271' title='bbox 1076 3837 1221 3904; x_wconf 86' lang='lat' dir='ltr'><strong>vocalem</strong></span> <span class='ocrx_word' id='word_1_272' title='bbox 1254 3837 1398 3919; x_wconf 85' lang='lat' dir='ltr'><strong>positum</strong></span> <span class='ocrx_word' id='word_1_273' title='bbox 1429 3858 1446 3904; x_wconf 83' lang='lat' dir='ltr'><strong>e</strong></span> <span class='ocrx_word' id='word_1_274' title='bbox 1480 3835 1587 3904; x_wconf 81' lang='lat' dir='ltr'><strong>vocali</strong></span> 
     </span>
     <span class='ocr_line' id='line_1_33' title="bbox 362 3943 1589 4028; baseline 0 -16"><span class='ocrx_word' id='word_1_275' title='bbox 362 3951 515 4027; x_wconf 88' lang='lat' dir='ltr'><strong>correpta</strong></span> <span class='ocrx_word' id='word_1_276' title='bbox 549 3951 608 4011; x_wconf 92' lang='lat' dir='ltr'><strong>aut</strong></span> <span class='ocrx_word' id='word_1_277' title='bbox 643 3963 701 4028; x_wconf 90' lang='lat' dir='ltr'><strong>per</strong></span> <span class='ocrx_word' id='word_1_278' title='bbox 738 3944 930 4026; x_wconf 84' lang='lat' dir='ltr'><strong>positionem</strong></span> <span class='ocrx_word' id='word_1_279' title='bbox 966 3944 1098 4028; x_wconf 86' lang='lat' dir='ltr'><strong>longum</strong></span> <span class='ocrx_word' id='word_1_280' title='bbox 1136 3945 1262 4012; x_wconf 89' lang='lat' dir='ltr'><strong>iactum</strong></span> <span class='ocrx_word' id='word_1_281' title='bbox 1299 3943 1498 4028; x_wconf 60' lang='lat' dir='ltr'><strong>invenimus</strong></span> <span class='ocrx_word' id='word_1_282' title='bbox 1538 3945 1589 4012; x_wconf 79' lang='lat' dir='ltr'><strong>ita</strong></span> 
     </span>
     <span class='ocr_line' id='line_1_34' title="bbox 362 4051 1588 4138; baseline -0.002 -17"><span class='ocrx_word' id='word_1_283' title='bbox 362 4054 487 4121; x_wconf 86' lang='lat' dir='ltr'><strong>vocalis</strong></span> <span class='ocrx_word' id='word_1_284' title='bbox 511 4075 527 4120; x_wconf 86' lang='lat' dir='ltr'><strong>e</strong></span> <span class='ocrx_word' id='word_1_285' title='bbox 549 4053 583 4118; x_wconf 95' lang='lat' dir='ltr'><strong>in</strong></span> <span class='ocrx_word' id='word_1_286' title='bbox 607 4053 738 4136; x_wconf 87' lang='lat' dir='ltr'><strong>syllaba</strong></span> <span class='ocrx_word' id='word_1_287' title='bbox 764 4074 798 4120; x_wconf 85' lang='lat' dir='ltr'><strong>es</strong></span> <span class='ocrx_word' id='word_1_288' title='bbox 821 4052 933 4118; x_wconf 88' lang='lat' dir='ltr'><strong>breuis</strong></span> <span class='ocrx_word' id='word_1_289' title='bbox 958 4057 1009 4118; x_wconf 89' lang='lat' dir='ltr'><strong>est</strong></span> <span class='ocrx_word' id='word_1_290' title='bbox 1032 4053 1083 4118; x_wconf 91' lang='lat' dir='ltr'><strong>his</strong></span> <span class='ocrx_word' id='word_1_291' title='bbox 1105 4053 1200 4119; x_wconf 84' lang='lat' dir='ltr'><strong>locis:</strong></span> <span class='ocrx_word' id='word_1_292' title='bbox 1232 4052 1396 4120; x_wconf 84' lang='lat' dir='ltr'><strong>Lucreti</strong></span> <span class='ocrx_word' id='word_1_293' title='bbox 1423 4051 1472 4119; x_wconf 89' lang='lat' dir='ltr'><strong>VI</strong></span> <span class='ocrx_word' id='word_1_294' title='bbox 1493 4053 1588 4138; x_wconf 86' lang='grc'>(701)</span> 
     </span>
    </p>
   </div>
   <div class='ocr_carea' id='block_1_3' title="bbox 362 4245 1590 4680">
    <p class='ocr_par' dir='ltr' id='par_1_5' title="bbox 362 4245 1590 4407">
     <span class='ocr_line' id='line_1_35' title="bbox 454 4245 1590 4320; baseline 0.001 -17"><span class='ocrx_word' id='word_1_295' title='bbox 454 4250 473 4320; x_wconf 86' lang='grc'><strong>1)</strong></span> <span class='ocrx_word' id='word_1_296' title='bbox 492 4249 552 4304; x_wconf 84' lang='lat' dir='ltr'><strong>Hac</strong></span> <span class='ocrx_word' id='word_1_297' title='bbox 571 4249 701 4318; x_wconf 83' lang='lat' dir='ltr'><strong>analogia</strong></span> <span class='ocrx_word' id='word_1_298' title='bbox 718 4253 870 4302; x_wconf 88' lang='lat' dir='ltr'><strong>commotus</strong></span> <span class='ocrx_word' id='word_1_299' title='bbox 889 4264 926 4304; x_wconf 92' lang='lat' dir='ltr'><strong>eo.</strong></span> <span class='ocrx_word' id='word_1_300' title='bbox 940 4247 966 4302; x_wconf 87' lang='lat' dir='ltr'>X</span> <span class='ocrx_word' id='word_1_301' title='bbox 979 4248 1014 4302; x_wconf 82' lang='lat'><strong>42</strong></span> <span class='ocrx_word' id='word_1_302' title='bbox 1025 4247 1144 4318; x_wconf 76' lang='lat' dir='ltr'><strong>‘Lycen&#39;</strong></span> <span class='ocrx_word' id='word_1_303' title='bbox 1163 4247 1255 4318; x_wconf 83' lang='lat' dir='ltr'><strong>legere</strong></span> <span class='ocrx_word' id='word_1_304' title='bbox 1266 4248 1339 4303; x_wconf 86' lang='lat' dir='ltr'><strong>malo</strong></span> <span class='ocrx_word' id='word_1_305' title='bbox 1351 4263 1433 4315; x_wconf 86' lang='lat' dir='ltr'><strong>quam</strong></span> <span class='ocrx_word' id='word_1_306' title='bbox 1443 4245 1590 4318; x_wconf 54' lang='lat' dir='ltr'><strong>‘iponem</strong></span> 
     </span>
     <span class='ocr_line' id='line_1_36' title="bbox 362 4339 823 4407; baseline 0 -13"><span class='ocrx_word' id='word_1_307' title='bbox 362 4339 434 4406; x_wconf 89' lang='lat' dir='ltr'><strong>quod</strong></span> <span class='ocrx_word' id='word_1_308' title='bbox 453 4340 529 4394; x_wconf 91' lang='lat' dir='ltr'><strong>codd.</strong></span> <span class='ocrx_word' id='word_1_309' title='bbox 549 4339 577 4393; x_wconf 87' lang='lat' dir='ltr'><strong>lll</strong></span> <span class='ocrx_word' id='word_1_310' title='bbox 596 4343 624 4392; x_wconf 91' lang='grc'><strong>11</strong></span> <span class='ocrx_word' id='word_1_311' title='bbox 643 4339 665 4391; x_wconf 92' lang='lat' dir='ltr'>P</span> <span class='ocrx_word' id='word_1_312' title='bbox 683 4339 823 4407; x_wconf 89' lang='lat' dir='ltr'><strong>praebent.</strong></span> 
     </span>
    </p>

    <p class='ocr_par' dir='ltr' id='par_1_6' title="bbox 454 4427 1560 4514">
     <span class='ocr_line' id='line_1_37' title="bbox 454 4427 1560 4514; baseline 0 -32"><span class='ocrx_word' id='word_1_313' title='bbox 454 4430 473 4498; x_wconf 84' lang='lat'><strong>²)</strong></span> <span class='ocrx_word' id='word_1_314' title='bbox 493 4429 535 4482; x_wconf 93' lang='lat' dir='ltr'><strong>Ill</strong></span> <span class='ocrx_word' id='word_1_315' title='bbox 555 4429 704 4484; x_wconf 71' lang='grc'>1681111.</span> <span class='ocrx_word' id='word_1_316' title='bbox 725 4429 834 4482; x_wconf 84' lang='lat' dir='ltr'><strong>Lusat.:</strong></span> <span class='ocrx_word' id='word_1_317' title='bbox 863 4428 964 4496; x_wconf 71' lang='lat' dir='ltr'><strong>Thetis,</strong></span> <span class='ocrx_word' id='word_1_318' title='bbox 984 4429 1043 4482; x_wconf 90' lang='lat' dir='ltr'><strong>sinc</strong></span> <span class='ocrx_word' id='word_1_319' title='bbox 1062 4427 1143 4482; x_wconf 90' lang='lat' dir='ltr'><strong>dubio</strong></span> <span class='ocrx_word' id='word_1_320' title='bbox 1162 4443 1311 4497; x_wconf 85' lang='lat' dir='ltr'><strong>perperam.</strong></span> <span class='ocrx_word' id='word_1_321' title='bbox 1549 4493 1560 4514; x_wconf 22' lang='grc' dir='ltr'><strong><em>κ</em></strong></span> 
     </span>
    </p>

    <p class='ocr_par' dir='ltr' id='par_1_7' title="bbox 364 4516 1590 4680">
     <span class='ocr_line' id='line_1_38' title="bbox 453 4516 1590 4588; baseline -0.001 -16"><span class='ocrx_word' id='word_1_322' title='bbox 453 4519 474 4588; x_wconf 79' lang='lat'><strong>³)</strong></span> <span class='ocrx_word' id='word_1_323' title='bbox 494 4520 632 4572; x_wconf 81' lang='lat' dir='ltr'><strong>Ciceronis</strong></span> <span class='ocrx_word' id='word_1_324' title='bbox 651 4517 722 4584; x_wconf 88' lang='lat' dir='ltr'><strong>quod</strong></span> <span class='ocrx_word' id='word_1_325' title='bbox 741 4517 826 4572; x_wconf 88' lang='lat' dir='ltr'><strong>attuli</strong></span> <span class='ocrx_word' id='word_1_326' title='bbox 845 4517 997 4585; x_wconf 81' lang='lat' dir='ltr'><strong>exemplum</strong></span> <span class='ocrx_word' id='word_1_327' title='bbox 1015 4520 1125 4572; x_wconf 90' lang='lat' dir='ltr'><strong>unicum</strong></span> <span class='ocrx_word' id='word_1_328' title='bbox 1144 4517 1238 4582; x_wconf 82' lang='lat' dir='ltr'><strong>habeo,</strong></span> <span class='ocrx_word' id='word_1_329' title='bbox 1257 4533 1318 4573; x_wconf 83' lang='lat' dir='ltr'><strong>cunr</strong></span> <span class='ocrx_word' id='word_1_330' title='bbox 1334 4517 1402 4573; x_wconf 92' lang='lat' dir='ltr'><strong>illud</strong></span> <span class='ocrx_word' id='word_1_331' title='bbox 1416 4516 1590 4572; x_wconf 81' lang='lat' dir='ltr'><strong>Lucilianum</strong></span> 
     </span>
     <span class='ocr_line' id='line_1_39' title="bbox 364 4605 1291 4680; baseline 0.002 -17"><span class='ocrx_word' id='word_1_332' title='bbox 364 4607 550 4678; x_wconf 78' lang='lat' dir='ltr'><strong>‘arrrplsitupoe’</strong></span> <span class='ocrx_word' id='word_1_333' title='bbox 572 4609 618 4680; x_wconf 84' lang='lat' dir='ltr'><strong>(fr.</strong></span> <span class='ocrx_word' id='word_1_334' title='bbox 631 4609 677 4672; x_wconf 81' lang='grc'><strong>32)</strong></span> <span class='ocrx_word' id='word_1_335' title='bbox 697 4607 818 4662; x_wconf 86' lang='lat' dir='ltr'><strong>lortusse</strong></span> <span class='ocrx_word' id='word_1_336' title='bbox 836 4607 933 4662; x_wconf 88' lang='lat' dir='ltr'><strong>melius</strong></span> <span class='ocrx_word' id='word_1_337' title='bbox 951 4605 1123 4680; x_wconf 66' lang='lat' dir='ltr'><strong>‘dpptranor’</strong></span> <span class='ocrx_word' id='word_1_338' title='bbox 1145 4609 1291 4665; x_wconf 86' lang='lat' dir='ltr'><strong>scribatur.</strong></span> 
     </span>
    </p>
   </div>
   <div class='ocr_carea' id='block_1_4' title="bbox 0 0 1761 5310">
    <p class='ocr_par' dir='ltr' id='par_1_8' title="bbox 0 0 1761 5310">
     <span class='ocr_line' id='line_1_40' title="bbox 0 0 1761 5310; baseline 0 0"><span class='ocrx_word' id='word_1_339' title='bbox 0 0 1761 5310; x_wconf 95' lang='lat' dir='ltr'><strong> </strong></span> 
     </span>
    </p>
   </div>
  </div>
 </body>
</html>
