3462 5312
679 491 686 496 .
722 399 885 496 ..Q-

252 608 474 675 Gentenorum
491 629 569 676 vero
593 611 759 676 nominum
777 611 976 676 Graecorum
1001 617 1217 678 servaverunt
1234 611 1396 678 Graecam

157 717 309 782 formam
340 717 374 781 in
402 717 553 783 versibus
585 718 760 802 dactylicis
785 719 837 800 61,
867 718 1009 785 senariis
1033 719 1086 800 43,
1104 720 1134 800 b,
1164 718 1281 802 lyricis
1305 719 1395 802 60,8

154 823 310 888 nomina.

252 948 365 1014 Huius
396 955 590 1030 conspectus
621 969 746 1015 summa
775 953 896 1032 probat
926 949 1120 1033 saepissime
1149 951 1295 1018 Graecas
1328 949 1396 1016 for-

154 1075 232 1121 mas
269 1063 422 1122 servatas
453 1075 523 1122 esse
557 1057 591 1121 in
618 1057 769 1123 versibus
799 1057 988 1142 dactylicis,
1023 1058 1064 1124 ad
1093 1077 1173 1138 quos
1206 1058 1396 1140 pangendos

155 1164 326 1243 quasdam
358 1163 606 1230 terminationes
637 1164 784 1231 Graecas
815 1165 903 1231 solas
937 1165 1128 1247 aptissimas
1162 1165 1264 1231 fuisse
1295 1184 1396 1247 supra

155 1270 300 1353 saepius
332 1271 483 1337 vidimus
531 1271 645 1351 Neque
677 1271 748 1336 fere
778 1271 886 1337 minor
916 1291 1069 1338 numerus
1094 1273 1297 1338 Graecarum
1328 1270 1397 1336 sor-

156 1396 294 1443 marum
318 1378 485 1446 invenitur
509 1379 543 1444 in
567 1379 715 1445 centenis
739 1399 849 1446 eorum
873 1379 1054 1460 nominum,
1080 1399 1163 1460 quae
1187 1379 1222 1444 in
1245 1378 1396 1447 versibus

156 1485 402 1567 anapaesticis,
428 1486 724 1570 hendecasyllabis
750 1487 969 1568 asclepiadeis
993 1487 1185 1568 ceterisque,
1211 1505 1290 1567 quos
1314 1485 1396 1569 lyri-

157 1612 218 1658 cos
253 1593 434 1675 nominavi,
466 1600 607 1659 exstant.
663 1593 786 1659 Poetae
817 1595 869 1660 his
899 1594 1051 1660 versibus
1084 1593 1135 1660 usi
1168 1592 1396 1676 graecissandi

157 1699 291 1766 rationi
326 1699 489 1782 imprimis
525 1700 650 1766 favisse
679 1701 843 1766 videntur.
891 1701 976 1768 Nam
1006 1701 1181 1767 Horatium
1217 1720 1343 1782 quoque
1372 1700 1397 1767 O

159 1807 370 1874 Graecorum
405 1808 571 1873 nominum
607 1808 640 1874 in
673 1808 822 1875 versibus
857 1808 1033 1892 dactylicis
1064 1810 1154 1890 41,3
1185 1814 1326 1890 tantum,
1362 1808 1397 1873 in

159 1914 370 1980 carminibus
405 1913 522 1998 lyricis
555 1922 663 1981 autem
699 1915 790 1998 56,6
822 1915 969 1982 Graecas
1001 1915 1125 1982 formas
1161 1914 1350 1983 servavisse
1380 1934 1398 1980 e

159 2022 360 2088 Sniehottae
388 2022 503 2087 tabula
527 2022 561 2086 ΙΙ
590 2022 704 2088 elucet.
752 2023 932 2089 Praeterea
960 2023 1126 2090 Romanos
1158 2024 1272 2089 horum
1300 2021 1397 2088 metri

158 2147 322 2211 generum
347 2129 510 2195 Graecam
541 2130 701 2211 originem
732 2131 890 2196 memoria
921 2131 1066 2196 tenuisse
1094 2136 1128 2196 et
1158 2134 1200 2196 ob
1229 2148 1300 2196 eam
1327 2149 1396 2196 rem

161 2236 269 2302 etiam
294 2236 328 2301 in
352 2235 539 2302 nominibus
555 2237 760 2303 declinandis
778 2238 980 2304 Graecorum
1004 2238 1155 2320 exempla
1171 2222 1300 2305 secuto's
1325 2256 1396 2304 esse

161 2349 257 2424 puto.
298 2343 477 2424 Aliquanto
501 2344 608 2410 minor
632 2352 681 2411 est
705 2363 856 2411 numerus
873 2345 1075 2411 Graecarum
1102 2345 1290 2427 formarum,
1315 2365 1397 2426 quas

162 2459 287 2532 poetae
321 2451 355 2516 in
391 2450 541 2518 versibus
577 2451 718 2518 senariis
755 2458 986 2533 servaverunt,
1027 2451 1119 2518 cuius
1154 2451 1204 2518 rei
1241 2452 1396 2518 metricae

163 2557 329 2638 quaedam
354 2576 473 2624 causae
496 2578 561 2626 non
584 2559 808 2642 neglegendae
828 2564 913 2640 sunt,
939 2577 1010 2624 cum
1034 2559 1269 2640 permultorum
1292 2559 1397 2625 nomi-

162 2685 259 2746 num,
294 2665 412 2746 quibus
443 2665 509 2731 nisi
540 2665 668 2732 Graece
700 2666 887 2733 terminatis
920 2666 955 2731 in
987 2666 1177 2732 hexametro
1209 2665 1300 2733 locus
1332 2686 1396 2731 non

163 2779 250 2854 erat,
283 2774 325 2838 ad
355 2773 521 2838 senarium
549 2774 757 2855 pangendum
785 2773 908 2839 Latina
940 2773 1047 2840 forma
1077 2773 1252 2855 aptissima
1283 2771 1395 2840 fuerit.

164 2879 231 2945 Sed
257 2879 357 2946 etiam
385 2880 420 2946 in
444 2880 585 2946 senariis
614 2880 697 2962 ipsis
721 2881 871 2948 diversus
903 2900 980 2947 usus
1005 2881 1206 2948 Graecorum
1230 2880 1397 2947 nominum

164 2987 384 3068 conspicitur,
419 2995 456 3053 ut
487 2988 522 3052 in
553 2987 694 3054 Phaedri
729 2988 813 3053 1937
844 2988 986 3054 senariis
1020 2989 1059 3052 17
1091 2993 1217 3054 tantum
1249 2987 1397 3055 Graecm

165 3093 304 3175 formas,
335 3093 370 3160 in
403 3094 466 3160 100
496 3094 601 3176 igitur
630 3095 662 3177 0,
675 3096 706 3176 9,
741 3095 777 3159 in
808 3095 951 3161 Senecae
984 3100 1093 3160 autem
1127 3095 1213 3160 7793
1245 3095 1397 3161 versibus

164 3200 312 3266 senariis
348 3203 410 3267 261
442 3202 589 3268 Graecas
625 3203 764 3283 formas,
801 3201 835 3267 in
867 3201 931 3267 100
962 3201 1067 3283 igitur
1101 3203 1165 3282 3,3
1201 3201 1395 3269 invenimus.

165 3308 336 3392 Quomodo
372 3308 453 3375 haec
487 3328 541 3375 res
576 3310 718 3390 pendeat
754 3328 794 3374 ex
829 3315 996 3375 structura
1031 3328 1146 3376 versus
1181 3311 1223 3376 ab
1258 3316 1396 3390 utroque

165 3421 267 3496 poeta
291 3415 368 3481 aliis
391 3416 520 3498 legibus
545 3415 727 3498 compositi,
753 3416 844 3481 hifra
867 3416 982 3498 paucis
1006 3415 1204 3482 disseremus
1215 3416 1249 3502 ¹).

261 3560 289 3623 2.
315 3559 405 3625 Idem
423 3559 502 3642 fere,
527 3560 613 3640 quod
629 3578 730 3641 supra
753 3559 986 3642 intelleximus
1012 3560 1119 3626 elucet
1135 3579 1152 3625 e
1168 3559 1307 3643 ratione,
1332 3579 1397 3640 qua

168 3665 318 3731 Graecae
354 3666 602 3732 terminationes
641 3666 676 3732 in
711 3667 854 3733 Senecae
889 3667 1071 3751 tragoediis
1110 3673 1143 3733 et
1182 3667 1216 3732 in
1255 3667 1396 3733 Octavia

167 3772 257 3837 inter
280 3773 435 3840 deverbia
466 3773 607 3840 senariis
631 3773 814 3856 composita
844 3782 877 3839 et
900 3773 1031 3841 cantica
1061 3774 1169 3858 lyrica
1197 3773 1395 3840 distributae

167 3871 390 3946 inveniuntur.

259 3987 375 4069 Itaque
399 3988 542 4054 numeris
564 3990 753 4071 formarum,
779 4007 860 4069 quas
884 3988 919 4055 in
935 3990 1040 4056 altero
1065 3995 1240 4072 conspectu
1263 3986 1394 4070 collegi,

168 4093 349 4176 suppositis
373 4095 407 4160 in
432 4114 516 4162 novo
541 4101 716 4178 conspectu
739 4096 829 4162 IVA
854 4095 1031 4180 explicavi,
1056 4101 1135 4177 quot
1151 4095 1301 4162 Graecae
1326 4094 1394 4159 for-

168 4221 241 4267 mae
265 4209 297 4268 et
320 4209 399 4284 quot
422 4203 564 4269 Latinae
589 4203 679 4268 etin
704 4204 870 4269 deverbiis
899 4211 932 4268 et
955 4203 989 4268 in
1013 4203 1153 4269 canticis
1185 4203 1396 4269 inveniantur

170 4315 202 4373 et
233 4317 311 4389 quot
340 4309 474 4376 nomina
505 4311 635 4376 Graeca
666 4331 683 4376 e
713 4311 860 4376 centenis
891 4310 926 4375 in
957 4315 1095 4390 utraque
1125 4317 1220 4391 parte
1251 4309 1395 4392 priscam

170 4417 435 4483 terminationem
459 4417 674 4484 servaverint.

260 4593 280 4663 ι)
300 4594 341 4649 cf.
361 4611 386 4663 p.
401 4595 461 4649 aoa.
