3522 5310
679 273 889 372 λζ.-

196 467 276 530 ciem
309 465 477 548 exhibere,
512 467 573 530 sed
603 468 701 532 etiam
733 470 823 554 ipsos
853 477 958 533 661616
989 470 1115 554 priores
1140 491 1225 533 esse.
1271 469 1368 532 Hanc

195 575 507 658 argumentationem
532 573 649 638 falsam
674 598 749 639 esse
773 586 918 663 apparet,
943 575 976 641 id
1001 576 1089 662 quod
1113 578 1178 640 iam
1202 576 1367 640 Tuerltius

194 678 213 743 l.
238 679 257 745 l.
289 690 380 745 recte
412 681 608 746 observavit.
658 681 750 762 Quae
779 684 947 768 Diogenes
975 668 1125 748 Laertius
1158 683 1199 747 (16
1228 682 1367 768 singulis

194 786 408 873 scriptoribus
431 789 541 871 refert,
566 791 698 854 minime
723 789 821 877 plena
842 800 941 877 atque
956 792 1084 876 integra
1100 801 1186 872 sunt,
1211 789 1271 854 sed
1288 789 1369 854 1111111

193 895 336 981 produnt
357 896 422 960 nisi
445 898 677 983 proprietatem
695 899 963 984 uniuscuiusque
999 898 1115 984 Itaque
1133 919 1208 961 cum
1226 919 1367 984 eaquae

193 1001 334 1067 Wulfins
359 1025 377 1066 e
400 1002 562 1088 Diogenis
587 1003 716 1069 silentio
741 1015 808 1069 tum
840 1028 924 1091 quae
954 1029 996 1068 ex
1024 1005 1086 1068 hac
1119 1005 1366 1069 ratiocinatione

193 1107 355 1174 conclusit
377 1109 462 1174 16166
486 1121 570 1175 sunt.
993 1194 996 1198 Ι

281 1217 442 1300 Praemia,
474 1217 571 1304 quale
599 1219 696 1283 etiam
726 1220 831 1304 tripus
863 1228 922 1301 est,
957 1230 992 1283 ut
1025 1220 1086 1284 dco
1114 1221 1238 1304 gratiae
1268 1241 1369 1283 causa

194 1323 434 1402 dedicarentur,
475 1327 653 1410 antiquitus
689 1336 845 1412 acceptus
882 1326 1085 1391 Graecorum
1122 1349 1191 1392 mos
1227 1326 1297 1408 fuit,
1336 1334 1369 1390 et

191 1430 379 1496 Herodotus
402 1430 419 1495 I
444 1432 652 1516 1441161161,
682 1433 710 1495 61
735 1433 807 1519 quis
831 1433 1045 1498 Doricnsium
1068 1432 1257 1520 Pentapolis
1283 1454 1366 1518 quac

191 1547 329 1603 vocatur
362 1537 543 1604 incolarum
572 1561 590 1604 6
619 1543 798 1604 certamine
827 1539 990 1626 Apollinis
1018 1541 1140 1627 Γ11161111
1174 1541 1366 1626 praemium,

190 1667 330 1711 aeneum
366 1644 525 1732 tripodem
561 1649 737 1733 acceperit,
773 1670 847 1712 eum
873 1651 1054 1734 praemium
1079 1671 1121 1713 ex
1145 1647 1228 1712 aede
1252 1669 1365 1711 secum

191 1753 278 1817 ferre
302 1753 439 1818 vetitum
464 1775 539 1818 esse
563 1764 595 1817 et
617 1753 739 1819 ibidem
764 1753 826 1819 deo
851 1755 1005 1819 dedicare
1030 1755 1197 1820 debuisse.
1244 1755 1366 1840 Utique

191 1861 402 1925 manifestum
437 1871 489 1925 661
521 1861 771 1928 161111661611111111
804 1865 1005 1950 quaestionis
1030 1863 1071 1928 de
1095 1871 1258 1927 vetustate
1282 1863 1365 1926 vari·

191 1990 284 2034 arum
309 1967 503 2033 fabellarum
527 1968 607 2034 illud
630 1992 706 2034 esse
730 1994 794 2035 non
816 1993 926 2057 posse,
952 1970 1039 2057 quod
1063 1973 1166 2057 tripus
1192 1969 1252 2034 deo
1277 1968 1366 2033 dedi-

191 2086 286 2141 catus
310 2098 377 2139 non
401 2083 461 2156 est,
491 2077 619 2140 etiamsi
645 2077 709 2141 boc
733 2088 845 2164 aperte
869 2079 1024 2142 traditum
1049 2087 1147 2143 esset.
1194 2077 1264 2140 Nec
1288 2095 1366 2139 vero

190 2184 263 2248 11611
296 2192 410 2268 potest,
443 2194 478 2247 ut
506 2205 524 2247 e
553 2193 647 2249 vasta
675 2182 858 2250 fabularum
887 2184 972 2249 mole
1003 2184 1182 2271 primordia
1214 2191 1367 2248 accurate

192 2289 415 2356 enucleemus.
470 2290 558 2370 Quot
582 2291 713 2355 tandem
736 2290 868 2356 fabulae
893 2293 945 2356 hic
970 2291 1211 2377 conglutinatae
1235 2299 1365 2354 616611-

191 2407 286 2462 sutae
312 2407 397 2470 sunt,
431 2406 463 2461 et
486 2407 607 2484 quanto
632 2420 707 2462 cum
732 2399 840 2463 studio
865 2398 985 2484 singuli
1010 2401 1188 2486 scriptores
1211 2400 1297 2462 inter
1319 2397 1365 2462 di·

190 2527 307 2569 161666
332 2503 392 2570 has
416 2504 544 2570 fabulas
570 2527 767 2570 consensum
793 2506 926 2571 efficere
951 2506 1087 2572 consilio
1112 2506 1320 2571 studuerunt!

283 2612 351 2677 Sed
375 2634 439 2678 uno
463 2611 536 2678 1666
561 2613 682 2677 hiatum
707 2614 816 2679 adhuc
841 2617 1008 2698 sentimus,
1044 2615 1130 2680 unde
1164 2635 1366 2698 cognoscere

190 2721 370 2807 possimus,
395 2719 558 2806 quomodo
582 2719 644 2784 hae
669 2700 819 2785 diversae
840 2720 972 2787 fabulae
989 2721 1111 2786 sensim
1130 2723 1367 2786 contaminatae

190 2836 224 2892 61
248 2826 346 2892 fictae
371 2829 444 2892 sint.
482 2827 652 2894 Diodorus
677 2829 763 2892 enim
787 2827 886 2892 tradit
901 2828 988 2894 IX3
1013 2828 1060 2910 (ΙΙ
1079 2828 1138 2913 111)
1162 2829 1259 2892 161166
1285 2829 1368 2891 inter

189 2958 228 2999 se
247 2932 368 2998 bellum
385 2936 542 3018 gessisse,
561 2956 634 2998 cum
652 2957 671 2998 6
687 2934 906 3020 piscatoribus
923 2937 1027 3021 tripus
1044 2935 1248 3000 educeretur.
1282 2934 1365 2999 Tum

190 3040 362 3108 oraculum
385 3039 584 3127 Delphicum
609 3040 650 3105 de
675 3041 760 3106 bello
785 3042 1012 3128 componendo
1044 3041 1224 3108 consulitur
1257 3051 1290 3105 61
1316 3063 1366 3104 re·

189 3172 350 3236 sponsum
375 3151 446 3213 eius
470 3151 569 3213 11116111
593 3148 671 3214 belli
695 3172 768 3214 cum
793 3150 920 3236 tripode
944 3151 1028 3214 16116
1051 3151 1085 3214 111
1108 3149 1193 3214 bello
1219 3171 1366 3236 compre-

188 3258 295 3322 henso
321 3258 498 3342 coniungit,
524 3259 579 3343 qui
603 3256 692 3321 nulla
715 3259 840 3322 ratione
858 3281 931 3322 cum
949 3256 1036 3323 bello
1053 3256 1217 3342 cohaeret.
1257 3257 1366 3338 Quare

188 3375 328 3454 apparet
351 3363 474 3428 bellum
491 3364 608 3428 Ionum
632 3374 729 3451 atque
754 3365 916 3452 tripodem
940 3369 974 3429 in
990 3367 1071 3430 mari
1087 3374 1250 3450 repertum
1277 3367 1366 3428 iuxta
1471 3356 1476 3366 ’

189 3497 226 3538 66
252 3485 349 3554 61616,
375 3495 473 3558 quam
490 3470 653 3559 duplicem
671 3475 861 3537 memoriam
876 3474 1078 3559 posteriores
1093 3475 1138 3536 ita
1155 3473 1366 3538 coniunxisse

188 3579 285 3646 facilc
309 3578 517 3664 intellegitur,
551 3591 585 3643 ut
612 3579 700 3644 hunc
729 3579 889 3667 tripodem
914 3601 1046 3645 causam
1072 3579 1149 3645 belli
1172 3581 1277 3644 fuisse
1302 3589 1365 3644 sta-

189 3697 329 3754 tuerent.
378 3687 466 3768 Quin
490 3688 594 3773 tripus
617 3689 651 3750 in
674 3689 756 3751 mari
781 3698 931 3774 repertus
956 3689 1007 3770 sit,
1037 3688 1125 3752 haud
1151 3687 1364 3752 dubitandum

189 3806 242 3862 est
276 3817 383 3881 neque
419 3796 526 3858 minus
556 3803 681 3860 certum
705 3807 755 3858 est
778 3795 820 3860 de
845 3795 971 3882 tripode
997 3805 1161 3860 certamen
1187 3805 1220 3860 ct
1243 3792 1365 3858 bellum

189 3913 296 3969 ortum
320 3923 406 3984 esse,
431 3904 625 3986 pracsertim
649 3904 677 3966 si
702 3912 811 3968 tecum
834 3913 968 3988 reputas
990 3902 1150 3988 tripodem
1168 3900 1255 3966 haud
1272 3902 1363 3988 parvi

188 4012 286 4097 pretii
314 4009 428 4074 fuisse.
476 4008 544 4074 Sed
579 4008 700 4086 dubito,
737 4033 778 4074 an
804 4010 920 4096 Pythia
954 4010 994 4074 de
1030 4009 1155 4096 tripode
1191 4007 1281 4073 litem
1311 4007 1365 4072 vel

190 4116 313 4183 bellum
336 4139 402 4180 non
426 4119 471 4181 116
494 4116 671 4199 diremerit,
696 4127 731 4180 ut
747 4128 862 4181 neuter
879 4120 1071 4182 certantium
1090 4139 1162 4182 eum
1188 4117 1363 4201 acciperet,

191 4223 251 4289 sed
275 4225 419 4290 omnium
444 4226 717 4310 sapientissimus.
764 4225 878 4310 Neque
904 4227 989 4289 enim
1014 4225 1085 4288 fieri
1115 4233 1232 4310 potest,
1266 4233 1301 4288 ut
1331 4224 1364 4286 in

191 4333 253 4396 boc
289 4333 343 4396 dei
378 4331 464 4396 dicto
501 4341 663 4396 certantes
699 4334 932 4418 acquieverint.
986 4336 1092 4418 Atque
1121 4332 1204 4396 hanc
1232 4329 1363 4395 fabulae

194 4437 447 4525 discrepantiam
470 4438 681 4504 Plutarchum
714 4461 843 4526 quoque
875 4441 1019 4504 sensisse
1050 4461 1091 4504 ex
1120 4441 1222 4525 ipsius
1252 4436 1362 4501 verbis

195 4548 368 4631 cognoscis
393 4546 512 4632 quibus
537 4547 621 4611 hanc
657 4570 727 4612 rem
756 4544 983 4633 explicandam
1020 4545 1080 4611 sibi
1117 4569 1191 4610 6666
1227 4546 1362 4630 putavit,
