3522 5310
924 305 969 370 64

360 503 473 568 titulus
519 499 572 568 ille
618 501 843 568 Maeandrium
889 501 1053 566 Milesium
1099 501 1318 566 Historiarum
1365 508 1532 564 auctorem

237 618 240 628 '
361 608 596 697 praebet-hoc
620 607 692 674 loco
718 611 857 695 scriptor
879 608 1081 674 Milesiarum
1104 629 1213 672 rerum
1237 609 1422 673 nominatur
1439 605 1537 670 simil·

361 716 439 782 lima
462 719 603 782 nominis
626 716 731 782 forma
746 720 916 808 Λέανδρος,
942 738 1050 781 nonne
1073 714 1133 780 tibi
1157 715 1302 800 suspicio
1322 716 1409 778 venit
1425 735 1538 778 verum

364 825 534 911 scrIptcris
557 846 678 889 nomen
702 822 755 888 hic
779 845 891 888 errore
914 823 1130 889 deformatum
1155 821 1256 887 esse?

456 930 554 1012 Quod
599 929 727 1017 reliqua
771 932 956 995 testimonia
1000 929 1274 1016 percensentibus
1321 939 1446 994 certum
1492 929 1536 993 fit.

363 1038 534 1104 Habemus
564 1037 698 1103 alteram
729 1038 825 1102 huius
854 1039 1023 1125 scriptoris
1052 1038 1193 1101 nominis
1226 1037 1363 1101 formam
1389 1057 1474 1121 quae
1498 1035 1539 1100 ad

362 1153 548 1238 Μαιάνδριον
587 1148 722 1231 propius
761 1145 904 1210 accedit:
943 1149 1155 1238 Αεάνδριος.
1203 1144 1391 1209 Leandrum
1431 1152 1539 1208 antem

365 1254 504 1320 eundem
534 1275 609 1318 esse
641 1262 737 1339 atque
766 1251 967 1320 Leandrium
995 1251 1106 1318 multis
1135 1253 1296 1317 evincitur
1324 1250 1415 1316 locis.
1462 1251 1539 1315 Eu·

364 1360 498 1428 sebius
533 1359 627 1425 enim'
653 1383 765 1447 praep.
802 1382 917 1446 evang.
945 1360 1021 1426 116
1053 1384 1082 1446 p.
1108 1361 1151 1426 89
1190 1359 1289 1423 Dind.
1314 1365 1470 1450 Λέανδρος
1503 1364 1540 1427 δὲ

365 1475 550 1562 Κλεόμαχον
575 1474 604 1536 ἐν
627 1473 755 1559 Μιλήτῳ
778 1472 939 1561 τεθάφθαι
963 1473 994 1556 ἐν
1015 1481 1060 1558 τῷ
1076 1471 1231 1560 Διδυμαίῳ
1255 1473 1341 1559 φησίν
1366 1479 1398 1530 et
1414 1465 1539 1529 Theo-

365 1576 523 1640 doretus
549 1573 667 1640 Graec.
705 1575 810 1640 affect.
846 1598 912 1639 cur.
946 1574 1029 1640 VIII
1066 1574 1109 1640 30
1144 1597 1174 1660 p.
1200 1575 1265 1638 315
1295 1572 1401 1640 Gaias.
1439 1579 1469 1641 ἐν
1504 1579 1541 1641 δὲ

363 1690 488 1774 Μιλήτῳ
517 1688 571 1752 τὸν
594 1687 779 1776 Κλεόμαχον
808 1685 894 1752 ἔνδον
923 1688 954 1752 ἐν
981 1696 1025 1772 τῷ
1055 1685 1176 1774 Διδάμῳ
1204 1686 1326 1750 κεῖσθαι
1355 1684 1453 1770 εἴρηκε
1480 1685 1540 1750 Λά-

366 1797 476 1883 ανδρος
510 1789 597 1853 idem
633 1801 767 1854 narrant
801 1789 988 1854 Leandrum
1024 1788 1212 1871 laudantes,
1248 1787 1335 1875 quod
1370 1788 1541 1873 utriusque

363 1897 505 1982 auetor1)
518 1895 717 1960 Leandrium
733 1899 907 1960 nominans
924 1895 1029 1980 tradit,
1048 1895 1230 1961 Clemens
1247 1893 1540 1960 Alexandrinus

366 2006 526 2091 Protrept.
556 2027 587 2090 p.
621 2003 672 2074 13,
701 2004 744 2068 28
773 2002 863 2088 Sylb.
895 2008 1063 2095 Λεάνδριος
1092 2009 1129 2072 δὲ
1158 2009 1321 2094 Κλέαρχον
1353 2008 1383 2071 ἐν
1413 2007 1540 2092 Μιλήτῳ

364 2117 525 2205 τεθάφθαι
552 2117 584 2179 ἐν
605 2124 649 2202 τῷ
673 2117 825 2202 Διδυμαίῳ
850 2117 937 2203 φησίν
961 2113 1083 2197 pariter
1106 2121 1203 2197 atquc
1229 2112 1285 2195 qui
1312 2111 1385 2196 ipsc
1410 2131 1540 2195 quoque

367 2243 384 2284 e
403 2219 572 2285 Clemente
596 2217 715 2299 hausit,
740 2217 939 2281 Arnobius
968 2217 1040 2283 adv.
1067 2220 1187 2282 nation.
1204 2216 1252 2280 VI
1278 2217 1347 2302 dp.
1365 2217 1430 2281 219
1447 2215 1540 2279 Reiff.

366 2327 409 2392 In
449 2325 627 2409 Didymaeo
669 2325 800 2391 Mllesio
844 2325 1047 2410 elenchum)
1090 2326 1168 2390 dicit
1210 2325 1357 2390 habuisse
1394 2343 1543 2406 ουρτακα

367 2433 549 2499 Leandrius
571 2433 707 2514 funeris.

454 2539 505 2604 Ac
533 2562 593 2626 par
620 2542 701 2604 ratio
733 2561 817 2626 quae
847 2541 932 2604 inter
960 2539 1203 2604 Theodoretum
1231 2537 1478 2623 Eusebiumque
1509 2546 1542 2600 et

368 2647 572 2712 Clementem
595 2646 844 2733 Arnobiumque
874 2657 932 2718 est,
963 2647 1137 2712 intercedit
1164 2650 1246 2710 inter
1275 2644 1466 2710 scholium
1496 2643 1541 2708 ad

367 2753 620 2841 Apollonium
651 2752 840 2818 Rhodium
875 2753 911 2818 ΙΙ
947 2754 1011 2820 706
1042 2763 1081 2818 et
1111 2755 1190 2836 7113
1224 2753 1337 2818 eadem
1372 2754 1456 2816 enim
1487 2773 1542 2815 res

369 2872 508 2948 utroque
533 2861 604 2925 loeo
629 2862 771 2942 affertur,
801 2860 861 2925 sed
885 2860 938 2925 illo
964 2860 1142 2926 scholiasta
1169 2862 1280 2925 nititur
1303 2859 1455 2941 Leandri,
1481 2859 1543 2922 hoc

345 2969 522 3034 'Leandrii
550 2969 749 3052 testimoni0;
781 2968 815 3032 II
840 2968 904 3033 706
934 2976 971 3037 τὸ
1004 2971 1101 3060 ὄνομα
1135 2980 1190 3038 τοῦ
1225 2975 1394 3060 δράκοντος
1429 2971 1457 3036 οἱ
1490 2972 1544 3058 μὲν

368 3081 539 3168 ἀρρενικῶς,
581 3081 608 3144 οἱ
645 3082 682 3144 δὲ
720 3081 862 3161 θηλυκῶς
901 3077 989 3154 εἷπον,
1031 3079 1046 3144 θ
1085 3083 1136 3145 καὶ
1175 3081 1306 3169 βέλτιον.
1345 3078 1456 3156 ἄλλως.
1497 3078 1544 3142 ὅτι

368 3186 521 3277 Δελφύνης
545 3189 683 3252 ἐκαλεῖτο
708 3189 724 3251 ὁ
740 3190 903 3277 φυλάσσων
918 3190 955 3252 τὸ
973 3189 1002 3251 ἐν
1017 3187 1142 3276 Δελφοῖς
1159 3191 1339 3276 χρηστήριον
1354 3179 1541 3273 Λέανδρυς3)

368 3298 420 3359 καὶ
443 3295 645 3383 Καλλίμαχος
673 3291 760 3363 εἶπον.
807 3297 972 3382 δράκαιναν
999 3297 1035 3359 δὲ
1064 3297 1156 3376 αὐτήν
1185 3317 1273 3384 φησιν
1305 3293 1379 3358 εἶναι
1402 3295 1544 3374 θηλυκῶς

368 3405 556 3490 καλουμένην
593 3402 748 3490 Δέλφυναν
787 3405 802 3467 ὁ
843 3404 935 3478 αὐτὸς
974 3399 1185 3491 Καλλίμαχος.
1237 3398 1272 3462 ΙΙ
1311 3398 1372 3462 711
1414 3403 1469 3481 τὴν
1506 3401 1544 3462 δὲ

370 3509 579 3595 ἀναιρεθεῖσαν
610 3513 777 3597 δράκαιναν
805 3509 961 3598 Δέλφυναν
989 3511 1153 3574 καλεῖσθαι
1181 3511 1322 3591 θηλυκῶς
1352 3531 1424 3598 φησι
1445 3507 1542 3573 Λεάν-

369 3611 500 3703 δριοςθ).

460 3791 478 3858 ¹)
500 3787 541 3842 cf.
561 3789 681 3854 Raeder,
702 3789 742 3842 Da
761 3789 929 3843 Theodoreti
951 3789 1048 3844 Graec.
1069 3790 1160 3844 affect.
1181 3809 1237 3844 cur.
1259 3791 1388 3859 quaesit,
1414 3787 1542 3842 Hauniae

373 3877 486 3947 recep.
507 3877 539 3930 77
560 3881 590 3931 et
610 3878 669 3931 162.

459 3969 479 4031 ἱλ
498 3967 574 4021 Haec
593 3970 671 4022 recta
689 3969 808 4022 nominis
827 3969 977 4038 scriptura;
998 3970 1032 4024 cf.
1048 3969 1330 4040 Pseudo-Apollodor.
1350 3967 1416 4022 bibl.
1427 3967 1452 4037 3,
1475 3967 1496 4034 1,
1516 3966 1543 4018 2.

460 4058 480 4123 ³)
500 4057 545 4111 Sic
564 4059 625 4112 cod.
646 4058 759 4124 Llaurl.
780 4062 932 4127 Μαιάνδριος
950 4060 983 4112 Η.
1005 4060 1072 4114 Keil.

458 4149 479 4212 ⁴)
500 4145 545 4200 Sic
564 4147 624 4201 cod.
650 4147 759 4214 Llaurl.
787 4150 941 4217 Μαιάνδριος
962 4149 994 4201 Η.
1017 4149 1086 4204 Keil.
1116 4150 1192 4204 llaec
1215 4149 1320 4202 scholia
1344 4147 1459 4202 confusa
1483 4161 1544 4198 esse

370 4240 465 4306 putcs;
485 4254 548 4290 nam
564 4240 592 4290 et
606 4235 790 4290 Callimachus
810 4239 856 4302 ref.
877 4238 960 4290 etiam
980 4239 1143 4292 Tertullian.
1163 4240 1199 4292 de
1219 4257 1320 4293 corona
1333 4238 1361 4291 7:
1381 4239 1463 4293 λαθοε
1475 4237 1542 4289 Pia-

370 4325 565 4394 damnantque
588 4325 768 4380 Gallnraclrum
791 4327 838 4393 qui
861 4333 885 4378 el
913 4328 1064 4394 Aponiana
1085 4335 1213 4382 memorat
1241 4329 1379 4394 interfecto
1402 4326 1544 4395 Delphyne

370 4415 486 4468 draconar
504 4417 622 4468 lauream
646 4416 776 4480 iudai-sset
801 4421 830 4469 et
851 4417 1002 4470 Leandrius
1021 4419 1110 4470 testes
1132 4417 1289 4472 afferuntur
1308 4417 1456 4487 Pythicum
1479 4415 1543 4468 dra-

371 4521 469 4558 conem
500 4505 582 4558 modo
613 4505 758 4558 masculini
789 4506 872 4559 modo
902 4505 1027 4559 feminini
1060 4507 1169 4575 generis
1200 4507 1293 4560 fnisse.
1340 4505 1394 4560 Sed
1425 4509 1542 4576 uterque

371 4599 514 4662 utramque
534 4593 651 4648 formam
672 4611 803 4664 usurpare
824 4595 923 4664 potuit.
