3452 5316
353 623 522 700 poetarum
546 616 629 683 locis
654 616 866 699 enumeratio,
898 617 1015 698 quibus
1040 616 1170 684 Graeca
1197 617 1331 683 nomina
1360 615 1431 682 sive
1455 621 1579 682 mutata

354 725 425 794 sive
448 745 513 791 non
529 730 655 790 mutata
680 723 899 790 inveniuntur.
941 724 980 789 In
1004 725 1113 790 causis
1129 745 1218 807 vero,
1244 745 1328 806 quae
1352 726 1395 790 ad
1410 731 1578 806 poetarum

353 852 445 898 usum
469 832 596 913 aliquid
612 832 804 915 valuissent,
829 832 1076 914 perscrutandis
1101 832 1193 898 avia
1209 852 1307 914 quam
1330 832 1388 898 ille
1412 831 1579 914 ingressus

353 944 404 1006 est
416 939 590 1022 declinavi,
608 958 680 1004 cum
694 940 840 1005 Graecas
858 938 982 1005 formas
997 959 1063 1006 non
1077 941 1252 1006 secundum
1266 957 1384 1006 causas
1397 939 1580 1005 efficientes

353 1047 573 1130 disponerem,
605 1047 663 1112 sed
685 1046 818 1112 nomina
847 1047 990 1113 eiusdem
1019 1047 1151 1130 generis
1180 1055 1211 1113 et
1236 1047 1468 1113 declinationis
1496 1065 1580 1112 eom-

352 1155 600 1238 prehenderem,
631 1173 754 1234 quare
779 1154 925 1220 ordinem
954 1155 1061 1238 magis
1085 1155 1292 1237 perspicuum
1321 1173 1373 1220 me
1397 1159 1580 1220 assecutum

353 1281 424 1328 esse
457 1281 562 1344 spero.
620 1261 672 1326 Ad
705 1267 884 1327 extremum
916 1263 1032 1344 paucis
1068 1281 1181 1328 eruere
1214 1268 1352 1328 conatus
1384 1281 1469 1344 sum,
1506 1279 1579 1326 num

352 1375 490 1436 metrum
515 1369 568 1437 vel
592 1370 773 1436 carminum
802 1389 905 1452 genus
928 1371 981 1437 vel
1010 1389 1088 1436 usus
1116 1370 1321 1453 singulorum
1344 1376 1516 1452 poetarum
1541 1369 1581 1432 ad

354 1477 501 1543 Graecas
526 1477 651 1543 formas
675 1479 856 1544 servandas
880 1477 1021 1543 alicuius
1045 1478 1199 1559 ponderis
1229 1477 1340 1543 fucrit.
1389 1477 1452 1543 His
1476 1476 1581 1542 tribus

353 1584 518 1666 capitibus
550 1585 697 1650 ordinem
727 1591 855 1666 tenena,
893 1603 986 1666 quem
1020 1585 1123 1651 secuti
1159 1591 1235 1650 sunt
1267 1583 1581 1650 Teuffel-Schwabe

354 1691 389 1756 in
423 1691 576 1758 Historia
609 1691 812 1757 Litterarum
847 1693 1083 1774 Romanarum,
1120 1692 1264 1758 tractavi
1299 1691 1447 1758 earmina
1482 1691 1579 1757 haec:

355 1798 490 1865 Gratti
518 1798 732 1882 Cynegetica,
770 1798 911 1865 Manili
939 1798 1184 1882 Astronomica‚
1222 1797 1449 1866 Germanici
1476 1797 1580 1862 Phae·

354 1891 493 1971 nomena
526 1903 864 1994 <Prognosticorum>
898 1907 1085 1989 fragmenta
1118 1907 1372 1989 epigrammata,
1411 1903 1581 1970 Phaedri

355 2013 501 2092 fabulaS,
548 2015 722 2081 Senecae
764 2016 953 2096 tragoedias
993 2015 1233 2097 epigrammata
1270 2011 1579 2097 Apoeolocyntosin

356 2120 563 2186 Octaviam
595 2121 814 2204 tragoediam,
851 2122 1091 2188 Columellae
1122 2124 1162 2187 de
1185 2141 1220 2186 re
1245 2121 1371 2187 rustica
1394 2119 1516 2186 librum
1539 2119 1579 2200 X,

355 2227 468 2293 Persi
492 2235 637 2310 saturas,
663 2229 813 2294 Lucani
837 2229 1059 2310 Pharsaliam,
1090 2229 1253 2295 Petroni
1277 2235 1465 2294 saturarum
1490 2225 1578 2306 frag-

356 2341 475 2416 menta,
509 2335 698 2417 Calpurni
732 2335 873 2417 eclogas,
913 2337 1069 2418 carmina,
1104 2355 1187 2418 quae
1220 2336 1446 2402 inscribuntur
1477 2333 1579 2398 Laus

356 2443 515 2508 Pisonis
540 2449 572 2507 et
588 2442 729 2524 Aetna,
757 2442 894 2508 Valeri
917 2443 1055 2509 Flacci
1079 2443 1315 2525 Argonautica,
1344 2442 1419 2508 Sili
1443 2439 1578 2507 ltalici

356 2549 490 2631 Punica,
520 2549 684 2614 Iliadem
709 2550 906 2631 Latinam,
936 2551 1040 2616 Stati
1064 2550 1174 2617 Silvas
1199 2551 1398 2615 Thebaidem
1423 2547 1579 2614 Achillei-

357 2657 438 2737 dem,
463 2657 666 2722 Martialis
690 2658 939 2740 epigrammata,
965 2658 1170 2724 Iuvenalis
1193 2665 1333 2724 saturas.
1377 2659 1579 2742 Quamquam

356 2783 421 2828 non
444 2763 561 2846 ignoro
585 2785 635 2830 me
655 2784 723 2828 rem
748 2763 924 2830 exhaurire
948 2765 1037 2830 etin
1062 2765 1231 2846 octoginta
1256 2764 1326 2831 fere
1350 2765 1485 2830 milibus
1510 2782 1579 2829 ver·

356 2890 463 2952 suum,
495 2871 550 2952 qui
574 2871 764 2953 perlegendi
790 2880 893 2956 erant,
926 2877 967 2939 ab
998 2873 1164 2939 erroribus
1188 2892 1306 2940 cavere
1337 2891 1400 2937 non
1424 2871 1579 2953 potuisse,

357 2982 466 3042 tamen
494 2997 545 3042 me
575 2977 701 3058 aliquid
733 2980 776 3045 ad
798 2979 1022 3060 quaestionem
1053 2981 1257 3063 propositam
1288 2979 1478 3046 solvendam
1507 2996 1580 3043 eun-

356 3085 472 3150 tulisse
497 3104 602 3168 spero.
