3496 5310
762 1467 910 1593 Pers
948 1469 1164 1592 altera.

912 1685 1018 1696 nun-nn—

932 1810 1004 1893 §a

440 1936 576 2003 Accium
600 1936 738 2019 primum
759 1936 888 2003 Graeca
910 1935 1043 2002 nomina
1059 1935 1189 2002 Graeco
1214 1955 1302 2003 more
1325 1935 1456 2003 flexisse
1473 1937 1583 2005 Varro

352 2044 528 2111 memoriae
552 2044 697 2128 prodidit
721 2041 775 2128 (de
799 2043 820 2108 l.
838 2043 858 2108 l.
876 2042 911 2110 X
927 2043 993 2129 70).
1041 2043 1151 2126 prisca
1179 2043 1265 2109 enim
1291 2045 1492 2111 consuetudo
1517 2063 1582 2111 non

352 2157 426 2218 eret
450 2149 576 2220 formae
600 2150 748 2218 Graecas
773 2150 931 2216 adhibere
956 2155 1055 2232 atque
1079 2151 1289 2218 accusativus
1319 2151 1375 2233 qui
1402 2171 1525 2235 graece
1548 2152 1582 2218 in

350 2283 386 2327 -a
409 2259 522 2327 exibat
550 2259 725 2341 plerosque
755 2257 902 2324 offendit.
948 2277 1024 2325 nam
1049 2257 1203 2324 Valerius
1228 2256 1421 2345 (Soranusil
1446 2260 1579 2327 Accium

351 2366 566 2449 reprehendit
588 2366 646 2431 illo
671 2383 770 2432 versu
795 2384 815 2431 a
838 2363 991 2432 Varrone
1015 2364 1155 2432 tradito:

523 2470 648 2540 ‘Accius
671 2473 833 2540 Hectorem
856 2473 949 2540 nollet
964 2473 1085 2557 facere,
1110 2472 1246 2540 Hectora
1269 2470 1395 2542 moldet‘.

440 2581 522 2650 Acci
554 2588 701 2663 tempore
729 2579 932 2648 Graecorum
963 2599 1055 2647 usum
1087 2580 1248 2647 nominum
1280 2600 1345 2647 non
1376 2579 1580 2648 vitaverunt.

351 2689 410 2755 sed
440 2707 504 2756 non
533 2688 636 2755 multo
665 2687 832 2770 postillis
860 2687 1048 2755 illudebant
1078 2686 1134 2769 qui
1159 2688 1288 2754 Graeca
1311 2687 1443 2754 Latinis
1467 2689 1581 2756 verbis

352 2795 555 2864 miscuerunt
577 2793 600 2882 ).
657 2814 763 2876 neque
796 2794 831 2861 in
866 2813 965 2877 proso
999 2793 1184 2880 orationeij
1220 2813 1325 2878 neque
1359 2795 1394 2861 in
1429 2797 1582 2863 versibus

351 2905 456 2970 multa
479 2905 609 2972 Graeca
638 2903 815 2970 admittere
845 2903 1021 2970 voluerunt
1043 2901 1194 2968 Romani.
1241 2908 1352 2969 tamen
1383 2903 1416 2970 in
1440 2909 1582 2986 utroquo

351 3029 473 3095 genere
501 3030 541 3077 aa
569 3010 677 3078 vitata
707 3029 773 3076 non
803 3013 894 3090 snut,
932 3027 1003 3076 cum
1029 3010 1167 3091 primum
1191 3009 1392 3077 Graecorum
1415 3011 1580 3078 nominum

351 3138 429 3186 usus
453 3137 635 3186 sermonem
651 3117 809 3185 Latinum
832 3117 967 3201 invasit,
992 3122 1026 3183 et
1045 3115 1117 3200 ipse
1133 3116 1190 3182 ille
1206 3117 1321 3184 Cicero
1337 3117 1393 3200 qui
1409 3137 1444 3184 se
1460 3138 1581 3202 graece

350 3226 438 3310 loqui
461 3227 497 3294 in
520 3243 669 3294 sermone
693 3224 814 3292 Latino
838 3230 951 3309 negat,
976 3242 1050 3290 sese
1074 3228 1226 3308 excusat,
1252 3225 1337 3306 quod
1359 3225 1497 3293 Piraeeo
1520 3246 1580 3308 pro

351 3333 504 3400 Piraeum
534 3332 643 3400 forma
673 3333 707 3398 in
736 3332 884 3415 pedestri
908 3332 1058 3399 oratione
1082 3332 1209 3398 usitata
1232 3331 1364 3399 dixerit.
1411 3331 1580 3401 Romanos

351 3441 551 3510 Graecorum
582 3440 728 3524 linguam
760 3439 905 3522 antiquis
935 3439 1001 3506 iam
1032 3438 1235 3521 temporibus
1266 3458 1426 3523 cognosse
1453 3446 1578 3507 certum

351 3548 519 3632 babemus,
545 3567 616 3614 cnm
641 3565 698 3614 eos
722 3547 854 3630 saepius
879 3565 950 3614 cum
974 3545 1041 3612 illis
1058 3545 1197 3614 Graecis
1212 3546 1268 3629 qui
1283 3565 1373 3614 oram
1388 3546 1580 3614 incolebant

351 3655 488 3740 ltaliae,
525 3654 719 3722 convenisse
756 3659 894 3721 constet.
949 3659 1025 3736 post
1059 3654 1181 3720 bellum
1216 3654 1431 3722 Tarentinum
1468 3673 1579 3721 omncs

253 3785 258 3791 ·
351 3765 449 3830 urbes
465 3764 609 3846 Magnae
632 3781 716 3844 quae
731 3761 851 3828 dicitur
867 3761 1030 3827 Graeciae
1046 3763 1105 3828 sub
1122 3762 1291 3844 imperium
1309 3762 1421 3844 populi
1437 3762 1578 3829 Romani

351 3871 573 3953 dicionemque
598 3871 753 3937 redactae
768 3875 859 3951 sunt;
884 3888 948 3950 qua
966 3869 1122 3936 decausa
1137 3868 1277 3936 Romani
1293 3867 1431 3936 Graecis
1454 3869 1578 3937 litteris

351 3978 469 4045 imbuti
492 3985 577 4045 sunt.
622 3979 733 4060 itaque
758 3997 828 4043 cum
852 3976 980 4043 Ennius
1004 3976 1204 4043 Graecorum
1229 3995 1333 4060 genus
1356 3976 1522 4059 poeticum
1545 3977 1577 4043 in

351 4086 465 4169 poesin
504 4085 658 4153 Latinam
697 4084 937 4169 introduceret,
979 4104 1089 4152 omnes
1126 4084 1267 4151 Romani
1307 4086 1362 4166 qui
1404 4084 1577 4151 annalibus

351 4194 421 4261 eius
459 4213 592 4276 operam
632 4193 809 4276 dederunt,
852 4192 976 4259 litteris
1017 4192 1155 4258 Graecis
1196 4191 1280 4258 satis
1315 4191 1438 4258 eruditi
1472 4197 1576 4259 erant.

350 4308 460 4368 tamen
505 4301 648 4386 signifer
690 4301 748 4367 ille
787 4307 956 4384 poetarum
995 4300 1216 4367 Romanorum
1256 4299 1405 4367 Graecas
1443 4298 1575 4383 formas

443 4517 462 4585 ¹)
481 4516 547 4570 Hor.
566 4519 619 4572 sat.
638 4515 653 4569 1
673 4515 714 4571 10.
727 4537 758 4571 ro.

441 4606 462 4676 ¹)
482 4605 536 4662 Oio.
555 4604 666 4661 Turoni.
685 4605 699 4659 1
720 4605 761 4660 lb.
