3452 5316
670 415 879 513 --.hl-

252 629 280 691 1.
318 626 572 711 Vuolphius¹l
624 625 761 694 Αἰνείου
795 626 941 710 Γαζαίου
973 630 1137 715 σοφιστοῦ
1174 624 1390 716 Θεόφραστος

143 735 307 832 ὶ10611116
337 734 535 816 Vuolphio
574 735 734 816 Tigurino
765 736 955 818 interprete.
1014 736 1079 801 Per
1108 737 1273 802 Andream
1307 735 1389 802 Ges-

161 862 273 908 nerum
297 861 415 924 graece
440 849 473 907 et
496 843 599 908 latine
626 844 720 908 1669.

235 949 336 1033 Quem
349 949 469 1014 librum
481 950 708 1031 repetiverunt
723 951 875 1016 Fronto
892 951 1072 1016 Ducaeus
1089 950 1123 1015 in
1139 951 1234 1016 Auct.
1253 969 1388 1032 graeco-

163 1057 220 1122 lat.
239 1056 326 1122 Bibl.
347 1056 507 1121 Parisii
532 1057 595 1122 373
620 1058 725 1123 Paris.
744 1059 827 1123 1624
853 1065 886 1123 et
908 1057 1116 1123 Morellius
1141 1058 1175 1122 in
1191 1058 1279 1122 Bibl.
1296 1058 1386 1124 Patr.

163 1164 240 1230 Par.
269 1164 354 1230 1654
379 1171 401 1229 t.
426 1164 494 1228 XII
518 1165 643 1244 dllsq.
669 1164 847 1247 graecolat.

251 1290 282 1354 2.
319 1289 525 1355 Barthius:
564 1290 693 1355 Aeneas
719 1291 869 1357 Gazacus
901 1296 934 1356 et
963 1289 1144 1356 Zacharias
1168 1289 1388 1374 Mitylenaeus

162 1395 357 1478 Philosophi
371 1395 551 1462 Christiani
568 1397 608 1462 de
624 1396 874 1462 immortalitate
888 1397 1017 1463 animae
1034 1402 1067 1462 et
1079 1397 1282 1462 mortalitate
1298 1397 1387 1462 univ.

162 1523 203 1568 ex
239 1521 363 1568 recens
402 1509 435 1568 ct
470 1523 540 1568 cum
578 1503 796 1570 animadvers.
827 1504 984 1586 Casparis
1008 1503 1142 1568 Barthii
1173 1503 1264 1584 Lips.
1292 1504 1388 1568 1655.

251 1631 281 1694 3.
307 1627 439 1694 Prelum
463 1649 527 1694 uon
552 1629 655 1694 subiit
678 1629 790 1710 editio,
815 1647 911 1709 quam
935 1628 1067 1695 curavit
1090 1629 1212 1695 Gottl.
1230 1629 1388 1694 Werns-

160 1735 253 1802 dorf
287 1735 377 1820 (blss.
402 1755 511 1817 graec.
536 1736 645 1801 Berol.
670 1737 706 1799 4⁰
735 1737 775 1802 31
807 1737 883 1801 Acc.
910 1737 1027 1820 3309):
1075 1733 1213 1800 Abaton
1243 1737 1303 1800 τοῦ
1334 1758 1388 1802 oo-

160 1845 286 1931 φιστοῦ
316 1839 532 1931 Θεόφραστος
562 1863 680 1924 graece
712 1863 752 1908 ex
782 1843 895 1909 codice
918 1843 1112 1926 Augustano
1145 1837 1249 1908 denuo
1281 1843 1388 1910 editus

159 1950 265 2016 latine
300 1950 537 2032 interpretatus
576 1951 671 2032 Casp.
697 1949 828 2016 Barthii
868 1950 999 2016 selectis
1039 1957 1072 2016 et
1107 1951 1183 2016 edit.
1220 1951 1388 2033 perpetuis

161 2063 272 2123 annot.
298 2056 417 2122 illustr.
448 2057 526 2122 item
558 2057 701 2123 eiusdem
732 2058 862 2123 Aeneae
894 2058 1056 2140 epistulae
1080 2057 1177 2124 XXV
1207 2077 1326 2139 graece
1357 2064 1389 2123 et

159 2163 275 2229 latine.
323 2165 387 2247 Qui
417 2184 495 2230 usus
523 2171 575 2230 est
602 2165 768 2248 Theoph.
794 2164 1063 2232 Wernsdort'ii
1094 2164 1250 2230 avunculi
1278 2165 1389 2248 dispu-

160 2271 288 2336 tatione
308 2272 347 2336 de
358 2271 489 2337 Aeneae
501 2271 626 2339 Gazaei
641 2271 785 2338 editione
802 2273 994 2338 adornanda
1005 2272 1266 2368 lectionibusque
1282 2273 1388 2339 variis

159 2381 201 2443 ab
228 2397 266 2443 eo
291 2397 331 2443 ex
355 2380 423 2444 cod.
442 2379 635 2462 Augustano
661 2380 837 2462 exscriptis
862 2381 910 2444 ed.
937 2380 971 2444 in
994 2379 1132 2445 Miscell.
1156 2379 1229 2444 crit.
1251 2380 1388 2446 Friede-

159 2485 275 2550 manni
299 2492 334 2576 et
354 2485 507 2551 Seebodii
531 2487 603 2554 Vol.
629 2487 664 2552 II
690 2487 784 2552 1823.

251 2609 388 2677 (lodices
411 2610 583 2678 Parisinus
607 2611 759 2676 adhibuit

252 2734 299 2800 Io.
334 2734 391 2800 Fr.
427 2735 734 2802 Boissonadius:
774 2736 904 2802 Aeneas
947 2737 1097 2803 Gazaeus
1137 2742 1169 2801 et
1207 2736 1388 2802 Zacharias

160 2841 400 2924 Mitylenaeus
433 2843 576 2909 Parisiis
606 2843 706 2925 1836,
743 2845 887 2909 codicem
919 2844 1147 2927 Augustauum
1182 2850 1289 2909 autem
1322 2863 1388 2910 non

160 2949 315 3031 inspexit,
341 2951 399 3015 sed
423 2951 514 3016 nisus
539 2957 590 3016 est
613 2950 814 3017 editionibus
838 2951 971 3017 Barthii
1000 2958 1033 3017 et
1060 2951 1239 3017 Frontonis
1264 2951 1388 3016 Ducaei

159 3057 449 3138 disputationeque
473 3057 700 3125 Werusdorfii.

160 3203 373 3210 ————...—.-

254 3270 273 3338 ¹)
295 3271 351 3338 p.3
370 3270 398 3324 in
417 3269 537 3345 epistula
551 3271 680 3340 Vuolphii
699 3271 732 3324 ad
749 3272 858 3327 Hieron.
871 3272 1037 3326 Frobenium
1056 3275 1084 3324 et
1102 3271 1187 3327 Nicol.
1200 3271 1388 3340 Episcopium:

159 3357 249 3427 „Cum
269 3359 339 3411 enim
357 3361 382 3413 e‘s
402 3360 492 3426 (Oonr.
507 3360 644 3414 Gesnerus
664 3361 794 3430 medicus)
810 3377 863 3429 pro
876 3377 928 3415 seeo
948 3378 1011 3430 erpa
1023 3378 1065 3415 me
1082 3361 1264 3416 benevolentia
1282 3377 1388 3415 summa

159 3465 194 3502 nc
208 3463 297 3516 prope
309 3449 445 3518 aepulari
456 3449 564 3503 Aeneae
583 3449 680 3504 librum
698 3451 770 3504 berec
788 3466 820 3503 ee
835 3452 887 3504 ille
905 3451 993 3504 nobili
1011 3449 1090 3518 Reip.
1101 3450 1282 3519 Aupnstanee
1294 3449 1388 3504 biblio·

161 3539 238 3592 ebera
256 3537 309 3592 eibi
327 3539 538 3607 suppeditatum,
557 3539 625 3592 mihi
644 3539 844 3594 describendam
863 3556 936 3594 anno
954 3540 1093 3608 superiore
1112 3541 1309 3594 concessisset“.
