3496 5310
716 414 929 522 ...6.-

203 631 374 722 Pauopam
409 635 494 704 VIII
520 635 601 718 312,
640 636 775 703 Proteus
802 633 855 702 XI
883 633 958 700 221.
983 633 1064 716 255,
1106 633 1243 701 Theseum
1271 631 1337 700 VH
1360 627 1436 700 404.

203 745 286 828 421,
316 743 400 810 VIII
424 744 499 810 547.
521 741 602 826 566,
630 742 701 810 XII
729 741 809 827 359,
841 741 904 809 XV
924 740 1004 825 856,
1044 741 1161 809 Tereus
1191 740 1239 806 VI
1266 741 1342 807 424.
1360 739 1435 806 433.

203 851 280 918 478.
298 850 373 918 650.
391 852 466 918 682.

296 958 432 1026 Duobus
455 955 536 1024 locis
560 978 630 1024 -eme
653 956 688 1022 in
713 955 802 1024 thesi
826 953 971 1038 positum
993 972 1091 1021 unam
1114 953 1277 1039 syllabam
1301 952 1436 1021 efficere

204 1085 266 1148 per
289 1069 522 1132 consonantem
545 1064 770 1147 insequentem
794 1068 948 1146 apertum
970 1061 1023 1129 iit:

247 1190 311 1257 Vll
327 1190 362 1257 3:
388 1186 540 1256 ‘Phineas
562 1191 652 1256 vicus
674 1196 742 1256 erat
763 1190 949 1272 iuvenesque
970 1186 1124 1272 Aquilone
1147 1182 1254 1255 creati’

216 1295 269 1364 XI
284 1297 364 1365 290:
388 1293 572 1381 ‘Peleusque
595 1298 776 1380 comitesque
798 1303 908 1382 rodant
931 1295 1046 1379 quibam
1068 1295 1122 1361 ille
1140 1289 1312 1379 profutar’.

296 1421 414 1506 Itaque
438 1421 538 1490 etiam
563 1421 664 1489 tertio
688 1422 761 1489 loco
786 1440 849 1506 quo
873 1425 951 1489 ante
975 1420 1121 1490 vocalem
1145 1425 1213 1486 est':

217 1548 306 1615 XIII
322 1546 463 1625 683184:
489 1545 639 1617 ‘Miserat
660 1548 743 1616 5666
765 1548 813 1614 illi
839 1548 980 1628 Therses,
998 1547 1222 1632 fabricaverat
1244 1540 1353 1613 Alcom‘

487 1652 624 1741 ‘Hyleus
646 1665 674 1724 et
698 1657 784 1742 5666
808 1655 984 1724 caelaverat
1006 1649 1208 1741 arammeito',

205 1786 277 1832 -eus
300 1763 562 1849 monosyllabum
587 1762 692 1831 luisse
715 1769 909 1832 statuemus.

296 1888 424 1956 Birtius
456 1907 537 1957 saue
568 1908 762 1973 quamquem
792 1889 983 1972 plerumque
1010 1897 1127 1970 poetas
1149 1908 1219 1954 eas
1242 1905 1302 1969 666
1327 1905 1438 1952 mono·

206 1997 339 2080 syllaba
362 1997 519 2064 habuisse
548 1996 670 2080 credit,
702 1995 860 2063 tredecim
884 1995 966 2062 locis
1001 1995 1118 2076 quibus
1141 1993 1271 2078 syllaba
1294 1992 1329 2059 in
1352 1992 1439 2060 thesi

206 2104 315 2187 posita
338 2105 393 2186 sit,
417 2104 452 2170 id
475 2109 586 2186 negot.
634 2103 727 2171 euius
750 2105 856 2171 verba
879 2103 963 2169 haec
986 2109 1063 2169 sunt
1087 2102 1176 2187 (pag.
1195 2100 1267 2186 2l):

296 2211 366 2278 Der
382 2211 478 2279 Leser
501 2211 643 2293 demerit,
668 2213 746 2278 dass
768 2213 804 2278 im
825 2211 880 2278 all’
904 2212 1010 2278 diesen
1026 2207 1141 2278 Fu'ilien
1162 2209 1227 2292 auf
1244 2209 1305 2275 dea
1326 2227 1439 2274 umam

204 2319 362 2406 camum
390 2319 517 2386 Nomen
545 2319 732 2404 hammdcluio
760 2321 811 2385 eim
848 2318 947 2386 Vocat
969 2317 1064 2403 folet.
1119 2316 1194 2383 Das
1226 2317 1295 2382 dem
1325 2310 1440 2398 Zufail

207 2427 463 2507 6666466566ίῦ66,
502 2427 618 2494 miella
655 2426 706 2493 ici
742 2427 827 2493 miehi
862 2425 1090 2492 mmtmmelumem.
1148 2423 1216 2490 Imm
1250 2422 1440 2489 Komeomaut

208 2535 317 2602 wirde
346 2535 396 2601 die
427 2533 604 2618 dreiciidiye
626 2533 828 2617 Amsspraclee
851 2531 1028 2618 666666ῑὶ65
1048 2530 1189 2617 yemaeit
1210 2529 1319 2597 56566.
1365 2527 1441 2596 Dae

208 2642 306 2708 heisst
326 2643 384 2708 md
405 2642 544 2707 cadmea
574 2639 713 2708 Werleu:
746 2661 835 2708 meum
861 2641 912 2708 die
934 2638 1067 2706 Dichter
1089 2639 1125 2704 im
1146 2637 1236 2703 ihren
1266 2637 1382 2703 Vereeu
1404 2636 1440 2702 im

216 2735 521 2833 dcereimmmuay
549 2749 606 2814 mit
629 2748 803 2814 Palaemon
832 2749 883 2813 die
910 2753 989 2814 erote
1011 2745 1097 2812 stlte
1118 2746 1154 2810 im
1176 2745 1235 2811 den
1258 2742 1441 2810 metrisclten

209 2855 353 2924 Heehtum
385 2855 518 2936 stelllen,
554 2877 589 2922 so
622 2862 742 2941 mamea
773 2857 820 2922 sie
851 2855 936 2922 alchi
967 2855 1019 2920 die
1051 2852 1232 2920 animalcula
1263 2849 1441 2935 dreiailbiye

209 2963 412 3048 Auospraclee
432 2987 475 3030 aa
497 2963 680 3030 initiatorem.

300 3071 364 3138 Sed
387 3071 471 3138 haec
494 3069 707 3137 ratiocinatio
731 3068 832 3149 cadit,
857 3068 935 3151 quia
958 3067 1085 3135 Birtius
1108 3067 1197 3133 locos
1219 3065 1293 3132 illos
1315 3062 1440 3146 Vergili

212 3178 268 3264 (II
290 3179 373 3263 443)
404 3185 439 3245 et
467 3177 566 3246 Ovidi
597 3177 873 3263 (1165161290)
908 3175 961 3259 qui
988 3175 1091 3258 ipsius
1119 3172 1263 3257 opinioni
1293 3172 1440 3254 obstant,

210 3285 446 3368 praetermisit.
501 3285 633 3352 tertium
665 3286 770 3352 locum
801 3284 900 3368 (Met.
924 3283 989 3350 VH
1013 3282 1052 3370 3)
1086 3281 1260 3348 emendare
1292 3286 1441 3362 conatur,

210 3400 251 3460 ut
281 3393 423 3460 Phineas
454 3393 648 3461 vocabulum
680 3397 750 3459 tres
783 3391 928 3474 syllabas
962 3389 1102 3472 efficiat,
1139 3389 1316 3470 eodemque
1348 3386 1442 3453 modo

211 3505 364 3583 quartum
393 3499 483 3566 illum
515 3498 682 3566 Ciceronis
712 3501 808 3566 Arat.
834 3499 887 3565 82.
940 3502 1040 3580 etqua
1072 3515 1090 3563 e
1120 3514 1255 3563 numero
1287 3499 1445 3577 quattuor

210 3608 356 3674 locorum
392 3607 511 3689 quibus
542 3613 659 3689 poetas
698 3624 834 3690 quornm
872 3605 1022 3688 equidem
1060 3602 1222 3671 rationem
1261 3600 1443 3684 habuerim,

211 3735 283 3782 -eas
312 3713 479 3781 diduxisse
509 3715 592 3781 duee
623 3714 657 3780 iu
688 3713 837 3797 syllabas
871 3714 1047 3798 probetur,
1081 3711 1186 3778 laeum
1216 3709 1443 3793 Vergilianum

213 3840 261 3890 ec.
287 3821 370 3889 VIII
392 3822 436 3890 56
460 3820 666 3891 eximendum
690 3839 764 3888 esse
787 3839 890 3904 supra
913 3820 958 3907 (p.
979 3820 1020 3887 10
1043 3823 1105 3906 66.)
1131 3817 1283 3886 vidimus.
1314 3822 1446 3884 restant

213 3929 317 4014 igitur
339 3948 457 3998 versus
479 3928 530 3997 illi
551 3928 764 4012 Propertiani
787 3929 836 4016 (Il
861 3931 890 3996 1.
908 3946 959 4010 37,
982 3927 1018 3993 Π
1035 3927 1088 3993 34.
1105 3925 1154 4012 aa)
1178 3932 1213 3992 et
1235 3922 1333 3993 Ovidi
1356 3921 1445 3989 XIII

214 4038 291 4120 684,
315 4037 435 4120 quibus
457 4041 575 4119 poetas
599 4057 620 4105 a
642 4041 830 4104 ceterorum
854 4033 1091 4103 consuetudIne
1114 4031 1304 4133 discessisse
1326 4035 1446 4114 putere

214 4143 281 4212 iam
304 4163 369 4212 non
391 4145 481 4212 licet.

306 4341 401 4409 Nune
423 4360 580 4409 summum
604 4339 765 4409 iaciamus
789 4339 930 4408 omnium
954 4340 1112 4409 locorum:
