3462 5312
859 409 1046 506 Aa.

440 619 563 685 Horum
596 619 760 685 nominum
791 621 973 688 accusativi
1003 621 1192 687 terminatio
1221 644 1277 686 -oa
1306 621 1456 686 omnibus
1484 622 1571 700 locis

351 727 469 807 quibus
493 727 670 809 invenitur,
700 729 828 795 incerta
852 735 911 810 est,
941 747 1013 795 cum
1037 735 1096 796 aut
1125 729 1160 794 in
1189 729 1253 794 fine
1276 747 1392 795 versus
1420 735 1479 794 aut
1502 735 1574 794 ante

351 840 582 900 consonantem
606 834 716 916 posita
740 835 793 901 sit.
840 837 933 902 Unus
957 836 1048 901 locus
1078 843 1234 918 exceptus
1258 843 1309 902 est
1332 835 1446 904 Valeri
1462 836 1573 901 Flacci

351 961 465 1008 versus
489 943 506 1008 I
529 942 604 1023 664,
630 961 691 1022 qno
716 941 819 1008 111111
842 942 982 1025 legimus
1005 965 1023 1010 o
1046 943 1156 1010 vocali
1181 950 1342 1026 correpta.
1391 945 1483 1027 Quae
1506 961 1575 1008 cor-

350 1049 471 1130 reptio,
504 1068 600 1129 quam
624 1069 740 1117 versus
769 1049 839 1115 eius
868 1050 955 1115 ratio
979 1051 1175 1132 postulavit,
1209 1053 1441 1132 comprobetur
1465 1052 1576 1116 eadem

352 1156 458 1222 forma
482 1156 668 1239 aVergilio
693 1157 727 1222 in
751 1157 853 1222 simili
869 1158 1096 1238 georgicorum
1114 1164 1268 1224 contextu
1292 1157 1391 1223 1332
1416 1158 1575 1234 adbibita,

351 1265 390 1328 de
414 1282 479 1344 qua
501 1263 672 1330 Sniehotta
696 1265 716 1329 l.
735 1283 761 1329 o.
787 1283 817 1345 p.
836 1265 878 1330 33
891 1283 960 1344 sqq.
986 1265 1150 1346 copiosius
1175 1265 1253 1348 egit.
1295 1265 1460 1346 Analogia
1483 1285 1577 1330 accu-

351 1371 453 1436 sativi
471 1369 620 1437 Graecae
643 1372 804 1436 secundae
825 1371 1066 1454 declinationis,
1092 1373 1130 1438 de
1148 1391 1213 1452 qua
1236 1372 1293 1438 ille
1316 1373 1451 1454 monuit,
1478 1371 1578 1437 facile

352 1477 502 1559 intellegi
526 1483 643 1558 potest.

440 1593 672 1660 Nominativus
699 1593 826 1679 Gorgon
858 1615 874 1660 e
898 1595 1051 1678 genetivo
1082 1601 1172 1660 retro
1201 1597 1358 1662 deductus
1387 1601 1451 1676 est,
1483 1613 1577 1675 quern

351 1700 473 1767 Graeci
497 1720 623 1781 quoque
649 1698 811 1788 Γοργόνος
835 1703 1002 1768 declinare
1027 1721 1091 1767 non
1117 1702 1216 1768 veriti
1240 1709 1325 1768 sunt.
1366 1702 1438 1768 Hoc
1461 1721 1579 1767 nomen

351 1807 616 1888 frequentatione
647 1809 809 1890 imprimis
838 1809 958 1874 mobile
991 1809 1095 1875 fuisse
1124 1809 1346 1877 nominativus
1376 1811 1580 1876 demonstrat

351 1935 372 1980 a
406 1900 644 1997 posterioribus
681 1916 841 1983 lomnatus
883 1916 1041 2001 Gorgona.
1100 1917 1275 1982 Nominum
1314 1917 1411 1982 huius
1445 1917 1580 1998 generis

350 2023 538 2104 genetivum
566 2042 664 2105 saepe
694 2024 891 2090 declinatum
917 2025 1101 2090 invenimus
1125 2024 1265 2091 Didonis
1291 2024 1461 2109 Gorgonis,
1495 2043 1579 2104 quae

351 2129 477 2196 formae
513 2130 670 2212 analogia
706 2131 816 2196 factae
851 2140 928 2197 sunt
962 2132 1127 2198 nominum
1163 2132 1356 2198 Latinorum
1393 2137 1429 2197 ut
1467 2154 1578 2210 111111,

350 2239 511 2304 aerumnis.
559 2239 632 2321 Qua
660 2239 693 2303 in
722 2258 758 2304 re
787 2239 1018 2320 perspicienda
1042 2259 1106 2304 non
1135 2239 1372 2321 neglegendum
1396 2245 1460 2320 est,
1493 2241 1579 2320 quod

351 2346 482 2411 Graeca
505 2345 651 2427 nomina,
681 2364 817 2425 qnorum
842 2347 1063 2412 nominativus
1094 2347 1128 2412 in
1152 2369 1217 2428 -os,
1246 2347 1419 2428 genetivus
1444 2346 1478 2410 in
1503 2349 1579 2412 -olis

351 2452 434 2535 exit,
468 2471 532 2518 non
562 2472 639 2517 raro
670 2453 786 2535 stirpis
817 2453 940 2519 exitum
972 2454 1134 2520 dentalem
1166 2473 1237 2519 eum
1265 2476 1288 2518 1
1316 2459 1457 2534 mutant,
1492 2454 1580 2519 sicut

351 2560 524 2625 Petronius
549 2567 582 2626 et
605 2561 779 2627 Nicerotem
803 2567 836 2626 et
860 2561 1044 2628 Niceronem
1072 2561 1158 2626 dixit
1168 2560 1201 2646 ¹).

440 2677 478 2742 In
503 2677 693 2743 accusativo
722 2677 880 2744 flectendo
910 2684 1026 2760 poetae
1055 2676 1187 2758 saepius
1216 2677 1442 2758 praetulerunt
1467 2676 1580 2742 Aeoli·

351 2801 422 2849 cam
461 2784 726 2850 terminationem
760 2805 829 2866 -on,
871 2785 962 2852 cuius
998 2785 1248 2850 similitudinem
1283 2803 1355 2850 oum
1394 2783 1580 2849 accusativi

353 2889 459 2956 lomna
494 2892 674 2974 nominum,
714 2911 850 2972 quorum
886 2893 1108 2958 nominativus
1147 2893 1182 2957 in
1217 2917 1278 2967 -ως
1313 2891 1396 2972 exit,
1436 2890 1579 2956 alicuius

351 2999 505 3064 momenti
531 2997 635 3064 luisse
658 3006 747 3081 puto.

439 3115 613 3194 Reliquum
637 3123 696 3196 est,
722 3123 757 3182 ut
782 3118 883 3182 verba
909 3117 1030 3182 faciam
1055 3117 1094 3182 de
1118 3116 1271 3198 genetivo
1298 3114 1473 3194 nominum,
1498 3133 1577 3194 quo-

351 3241 421 3287 rum
446 3223 667 3288 nominativus
700 3223 734 3288 in
758 3248 826 3312 -ης,
856 3224 958 3306 stirps
982 3225 1015 3288 in
1040 3247 1090 3298 -eg
1113 3224 1190 3288 exit.
1238 3223 1365 3288 Statius
1389 3222 1578 3304 genetivum

353 3329 433 3394 fecit
463 3336 495 3394 et
518 3331 655 3396 Eteoclis
685 3339 718 3394 et
741 3331 908 3413 Eteocleos,
940 3339 1038 3412 prout
1061 3331 1141 3395 haec
1166 3331 1218 3396 vel
1251 3330 1310 3395 illa
1335 3329 1443 3394 l'orma
1468 3329 1580 3410 aptior

352 3442 424 3501 erat
463 3437 505 3502 ad
536 3458 665 3504 versum
701 3440 922 3520 pangendum,
966 3439 999 3503 id
1033 3439 1118 3518 quod
1157 3439 1389 3518 comprobatur
1427 3437 1578 3502 versibus

351 3542 531 3608 Thebaidis

468 3634 536 3700 XII
560 3635 619 3700 57:
652 3638 776 3718 Accipit
799 3642 826 3701 11
849 3637 936 3701 saevi
959 3655 1066 3701 manea
1089 3635 1227 3701 Eteoclis
1251 3635 1377 3716 inimcos

412 3747 444 3804 et
467 3739 535 3806 XII
559 3743 618 3806 91:
651 3743 764 3827 Regem
788 3750 824 3822 te,
849 3744 1076 3826 reponerem·
1099 3742 1259 3808 Eteocleos
1282 3742 1420 3807 1111111.

442 3865 492 3930 De
507 3868 660 3948 genetivo
686 3868 719 3933 in
736 3891 791 3932 -os
816 3867 975 3950 exeuntis,
1000 3886 1095 3947 quem
1118 3866 1302 3933 invenimus
1327 3866 1361 3931 in
1378 3863 1578 3948 Martialis2)

352 3993 450 4039 versu
474 3973 520 4040 IV
544 3975 597 4056 39,
615 3976 651 4040 3:

650 4065 738 4130 solus
761 4065 948 4131 Praxitelus
970 4086 1099 4130 montem
1126 4063 1303 4146 Scopaeque

353 4186 387 4252 in
418 4189 583 4270 excerptis
615 4209 655 4254 ex
686 4189 815 4256 Charisi
850 4195 921 4255 arte
952 4189 1170 4271 grammatica
1201 4188 1245 4273 (1,
1263 4187 1389 4273 5411)
1423 4187 1578 4270 legimus:

356 4294 412 4377 ,si
436 4314 500 4375 qua
524 4303 631 4362 autem
657 4295 814 4383 [nomina]
838 4298 922 4362 flexo
949 4305 1085 4362 accentu
1108 4295 1332 4377 reperiuntur,
1357 4295 1439 4360 haec
1463 4295 1497 4359 in
1521 4313 1579 4358 suo

355 4441 417 4448 --ο
438 4443 536 4448 —..--

446 4519 625 4589 bffipffl

444 4609 464 4678 ¹)
485 4608 730 4663 Friedlaender
753 4609 793 4663 ed.
813 4626 838 4677 p.
858 4610 950 4664 1354.
