3442 5324
951 407 993 470 42

448 621 512 687 Sed
544 640 584 686 ne
616 621 750 686 nuntius
782 622 880 686 choro
920 620 987 688 sibi
1018 621 1130 703 ignoto
1169 619 1263 686 illam
1295 639 1363 686 rem
1397 626 1584 700 exponeret,

358 747 442 808 quae
466 728 508 792 ad
531 727 635 794 solum
658 726 818 810 Oedipum
842 729 1070 808 Iocastamque
1093 727 1288 809 pertineret,
1317 745 1413 808 neve,
1442 725 1476 790 id
1499 725 1586 805 quod

359 835 548 917 plerumque
576 834 650 900 fieri
673 835 771 916 solet,
803 834 948 917 Oedipus
976 853 1055 900 casu
1078 835 1172 900 domo
1201 833 1321 915 exiret,
1351 832 1528 915 Sophocles
1551 831 1587 896 id

359 941 437 1024 egit,
462 948 499 1008 ut
514 941 612 1024 paulo
634 947 710 1007 ante
726 942 858 1008 Iocasta
879 941 1038 1024 precandi
1053 959 1154 1006 canusa
1169 939 1227 1026 (cf.
1240 960 1272 1007 v.
1286 939 1364 1024 919)
1388 938 1536 1021 prodiret
1545 937 1586 1022 ¹);

359 1068 443 1130 quae
466 1055 638 1131 postquam
662 1049 772 1114 omnia
794 1049 967 1131 comperit,
992 1049 1152 1131 Oedipum
1177 1067 1194 1113 e
1217 1047 1312 1130 regia
1335 1052 1464 1128 evocat,
1493 1051 1587 1111 utet

359 1156 431 1238 ipse
455 1155 534 1236 quid
557 1156 690 1221 nuntius
713 1155 880 1222 rettulerit
902 1155 1017 1221 audiat
1040 1154 1083 1240 (v.
1101 1153 1280 1240 945-49).

447 1262 561 1343 Neque
584 1282 662 1329 vero
692 1268 814 1328 temere
844 1269 902 1328 aut
929 1262 1019 1328 nullo
1048 1282 1125 1328 usus
1155 1261 1294 1329 consilio
1322 1261 1499 1342 Sophocles
1529 1280 1587 1326 ne-

358 1369 508 1436 cessitati
540 1370 591 1435 illi
623 1369 794 1436 scaenicae
827 1376 936 1452 paret,
972 1370 1030 1436 sed
1063 1369 1112 1436 ita
1144 1374 1180 1435 ut
1212 1367 1310 1435 simul
1342 1368 1409 1444 vim
1443 1366 1587 1434 actionis

359 1483 488 1560 augeat.

446 1585 486 1650 In
514 1584 677 1650 ldlectra
707 1584 793 1650 enim
817 1583 961 1666 Orestae,
994 1589 1030 1649 ut
1052 1583 1126 1649 fieri
1149 1583 1242 1665 solet,
1272 1600 1416 1648 sororem
1447 1587 1521 1648 oret
1550 1587 1588 1646 ut

359 1691 551 1774 Aegisthum
582 1692 675 1758 domo
706 1697 821 1759 evocet
850 1690 899 1777 (v.
919 1690 1121 1777 1106-07).
1168 1692 1239 1775 Quo
1269 1691 1364 1755 modo
1395 1707 1468 1755 cum
1499 1687 1588 1754 inter

358 1819 429 1866 sese
461 1817 643 1864 sermonem
673 1805 860 1881 conserant,
894 1799 1033 1879 denique
1064 1798 1224 1880 efficitur,
1258 1803 1294 1862 ut
1323 1815 1417 1863 soror
1447 1796 1586 1861 fratrem

330 1894 543 1989 cognoscat.
590 1907 769 1972 Praeterea
795 1912 968 1988 postquam
992 1904 1152 1987 Aegistho
1183 1909 1375 1987 percontato
1404 1902 1447 1989 (v.
1468 1902 1584 1986 1450):

571 2033 639 2096 ποῦ
661 2027 731 2118 δῆτ’
754 2025 795 2096 ἂν
818 2022 885 2096 εἶεν
908 2026 941 2096 οἱ
964 2027 1070 2113 ξένοις
1100 2025 1236 2096 δίδασκέ
1257 2052 1301 2112 με

359 2146 495 2212 Electra
517 2147 688 2228 respondit
711 2145 890 2232 (v.1451):

571 2258 683 2328 ἔνδον·
713 2259 813 2350 φίλης
835 2257 896 2348 γὰρ
920 2258 1082 2349 προξένου
1105 2257 1298 2349 κατήνυσαν,

358 2387 416 2453 ille
442 2387 568 2469 regiam
599 2407 663 2453 non
692 2387 859 2469 ingressus
888 2387 971 2454 foris
999 2406 1156 2468 quaerere
1185 2387 1309 2469 pergit,
1341 2405 1416 2452 num
1444 2405 1482 2451 re
1504 2405 1585 2452 vera

358 2493 410 2559 illi
433 2493 561 2561 Orestis
584 2513 701 2576 corpus
725 2513 834 2560 secum
858 2493 1040 2560 attulerint.
1087 2495 1181 2579 Quod
1208 2500 1245 2559 ut
1267 2493 1405 2575 videret,
1433 2491 1584 2559 simudat

358 2620 420 2681 que
443 2601 622 2683 Aegisthus
644 2601 777 2668 ianuam
801 2601 925 2684 aperiri
956 2601 1067 2684 iussit,
1100 2620 1175 2684 non,
1207 2602 1293 2682 quod
1323 2605 1583 2682 exspectaverat,

358 2707 480 2790 aspicit
502 2708 651 2775 Orestem
673 2716 835 2775 mortuum
859 2708 917 2775 sed
939 2709 1060 2775 vivum.

446 2903 596 2984 Denique
619 2903 797 2986 Sophocles
827 2923 868 2971 ne
895 2923 1047 2971 scaenam
1070 2909 1226 2986 mutaret,
1259 2922 1398 2969 cousus
1429 2909 1480 2969 est
1502 2903 1584 2969 arti-

358 3010 448 3092 ficio,
479 3017 517 3076 ut
546 3011 728 3092 exemplum
758 3017 888 3076 secutus
917 3009 1073 3094 Aeschyli
1104 3009 1280 3076 nuntium
1311 3009 1497 3090 adhiberet,
1528 3009 1584 3090 qui

357 3137 441 3198 quae
465 3117 597 3183 interim
621 3118 687 3182 alio
711 3118 782 3183 loco
807 3124 916 3184 essent
938 3123 1033 3200 gesta
1060 3123 1213 3183 narraret
1223 3116 1257 3202 ²).
1304 3117 1369 3183 Sed
1392 3136 1454 3198 quo
1478 3117 1583 3182 mani-

359 3224 512 3290 festiores
550 3243 604 3290 res
635 3224 803 3290 nuntiatas
839 3225 965 3305 reddat,
1001 3222 1178 3306 Sophocles
1213 3243 1370 3306 personas
1398 3223 1583 3304 dequibus

357 3331 414 3398 ille
437 3331 586 3398 nuntium
610 3331 724 3397 attulit
751 3331 843 3414 ipsas
866 3331 901 3397 in
925 3350 1077 3398 scaenam
1100 3333 1312 3414 procedentes
1340 3331 1524 3413 malumque
1547 3331 1582 3396 in

357 3439 442 3520 quod
472 3438 659 3504 inciderunt
685 3439 835 3521 lugentes
866 3438 965 3521 facit;
1009 3458 1084 3504 nam
1114 3445 1286 3520 postquam
1314 3440 1514 3506 Haemonem
1548 3445 1583 3504 et

356 3544 557 3626 Antigonam
596 3545 681 3610 diem
720 3563 905 3627 supremum
944 3545 1066 3612 obiisse
1104 3545 1290 3612 nuntiatum
1329 3552 1380 3612 est
1423 3545 1580 3630 (Antig.

360 3650 605 3736 nuo-1243),
637 3650 743 3718 Oreon
770 3652 841 3733 ipse
869 3671 941 3718 cum
973 3652 1165 3735 corporibus
1193 3652 1324 3718 illorum
1351 3672 1503 3720 reversus
1530 3652 1583 3718 lu-

356 3761 461 3842 gubre
482 3763 683 3825 mortuorum
709 3761 813 3826 fatum
837 3779 910 3826 cum
933 3758 1031 3826 choro
1056 3759 1274 3840 conqueritur.

445 3866 553 3947 Atque
577 3866 637 3932 alii
661 3866 820 3934 eiusmodi
842 3867 909 3933 loci
931 3867 1104 3949 Sophoclei
1128 3873 1261 3934 exstant
1282 3867 1333 3933 hi:

448 4062 466 4131 ¹)
486 4061 590 4116 Eadem
609 4063 681 4116 ratio
700 4062 729 4116 in
747 4062 860 4117 Electra
879 4061 1004 4118 adhibite
1022 4066 1066 4116 est
1084 4062 1132 4132 (cf.
1151 4077 1176 4130 p.
1190 4062 1244 4131 35).

446 4151 467 4220 ¹)
487 4151 529 4207 Cf.
548 4151 691 4222 Hornnng,
716 4151 749 4206 de
767 4153 929 4206 nuntiorum
947 4153 976 4205 in
995 4151 1147 4222 tragoediis
1166 4151 1279 4206 Graecis
1297 4153 1422 4220 personis
1441 4156 1469 4206 et
1487 4163 1581 4204 nam·

357 4239 487 4308 tionibus,
508 4240 606 4311 Progr.
626 4240 650 4296 d.
665 4240 839 4298 Ritterahad.
859 4256 894 4294 au
913 4240 1114 4311 Brendenhnrg
1133 4256 1157 4296 a.
1171 4240 1205 4296 H.
1226 4240 1303 4296 1869.

446 4329 615 4398 Bernhardy,
635 4329 786 4385 Grundriss
805 4329 852 4384 der
871 4329 972 4400 griech.
986 4328 1072 4386 Liter.
1086 4329 1098 4362 ⁸
1110 4329 1167 4384 112
1186 4346 1211 4398 p.
1225 4329 1286 4384 232.

445 4417 495 4474 Th.
509 4419 610 4489 Bergk,
630 4419 736 4475 Griech.
753 4419 985 4490 hiteraturgesch.
1005 4419 1049 4473 III
1067 4435 1091 4488 p.
1106 4419 1158 4473 208
1177 4418 1239 4474 adn.
1254 4419 1296 4474 66.

449 4507 522 4560 Dom.
538 4508 626 4576 Bessi,
646 4508 665 4561 il
685 4510 785 4563 nnnzic
805 4508 878 4563 nella
897 4508 1025 4578 tragedia
1044 4524 1134 4578 greca,
1153 4509 1213 4563 Rir.
1234 4507 1262 4563 di
1280 4507 1345 4565 filol.
1364 4507 1470 4564 XXVII
1489 4507 1578 4576 (1899)

356 4611 381 4665 p.
401 4597 486 4664 50sq.
