3522 5310
825 272 961 372 ,ΔΘΑ
989 365 1032 371 -.

341 467 371 528 in
402 464 534 530 modum
566 487 583 530 e
612 469 699 531 veris
731 467 890 555 falsisque
921 477 1009 533 serta
1032 470 1118 534 vitae
1148 467 1310 533 clarorum
1333 466 1419 534 illius
1442 471 1516 534 aevi

340 573 484 636 virorum
491 572 714 640 nectebantur.
730 576 838 662 Atque
847 585 917 640 orta
926 575 1059 640 inIonia
1068 597 1143 640 cum
1154 574 1244 640 cultu
1251 574 1516 664 humanitatequc

341 678 454 744 loniea
472 681 505 744 iu
520 678 693 746 Graeciam
712 683 864 766 migravit
886 680 1016 746 novella
1040 684 1092 747 cui
1116 685 1258 748 maxime
1276 681 1366 748 cordi
1383 692 1453 747 erat
1475 682 1516 748 de

341 783 578 852 excellentibus
602 789 681 853 viris
709 788 848 855 fabellas
872 788 998 874 fingere
1022 789 1183 874 fictasque
1212 791 1317 873 magis
1347 791 1542 876 magisque

341 893 1516 982 augere.¹)Quarenonmiraberisnovellamamplexamessetulesviros,

341 997 455 1085 quales
473 1011 566 1066 erant
577 1001 710 1084 Thales,
723 1003 879 1084 Pittacus,
898 1002 1007 1086 Solon,
1023 1003 1109 1069 Bias.
1127 1009 1234 1090 Atque
1251 1006 1315 1068 iam
1332 1003 1420 1091 apud
1436 1007 1517 1070 satis

341 1109 491 1194 antiquos
507 1110 685 1195 scriptores
706 1112 843 1196 vestigia
859 1111 1056 1189 invenimus,
1072 1109 1191 1195 quibus
1210 1121 1337 1199 septem
1349 1113 1516 1199 sapientes

342 1215 435 1279 vivos
455 1237 573 1300 magna
596 1219 787 1282 auctoritate
807 1227 839 1281 et
854 1210 997 1304 potentia
1022 1216 1165 1282 valuisse
1184 1229 1216 1282 et
1233 1229 1379 1284 mortuos
1400 1217 1516 1285 heroes

341 1319 447 1386 factos
484 1323 517 1386 in
558 1322 629 1387 dies
669 1323 852 1390 celebratos
903 1347 977 1390 esse
1024 1347 1202 1413 eorumque
1247 1324 1384 1410 gloriam
1423 1325 1516 1391 brevi

341 1439 498 1513 angustos
545 1430 628 1495 fines
676 1433 798 1517 patriae
849 1433 1107 1518 uniuscuiusque
1146 1433 1381 1498 transeessisse
1429 1456 1515 1498 com·

343 1536 508 1624 probatur.
535 1536 585 1602 Ita
600 1538 780 1624 llysonis
800 1539 1028 1606 Ghenensis
1047 1541 1110 1604 iam
1130 1539 1306 1626 Hipponax
1319 1542 1516 1605 mentionem

342 1641 421 1708 fecit
444 1645 557 1729 (Diog.
582 1645 688 1710 Laert.
714 1645 730 1709 l
756 1646 818 1712 107
837 1668 870 1692 =
887 1646 1007 1732 Bergk,
1033 1646 1109 1732 hyr.
1136 1645 1208 1712 Gr.⁴
1232 1647 1293 1733 frg.
1317 1647 1372 1731 40)

430 1755 492 1821 Καὶ
507 1756 627 1832 Μύσων,
642 1756 674 1821 δν
685 1757 847 1823 Ὡπόλλων
860 1759 975 1823 ἀνεῖπεν
990 1758 1108 1846 ἀνδρῶν
1124 1763 1376 1847 σωφρονέστατον
1386 1763 1516 1824 πάντων.

220 1865 222 1870 ’
286 1873 291 1883 ’
342 1856 566 1945 Eiusdemque
593 1880 690 1924 versu
714 1860 801 1946 apud
828 1861 1012 1945 Diogenem
1036 1860 1202 1926 Laertium
1227 1861 1242 1926 I
1266 1861 1309 1926 84
1335 1871 1465 1926 servato
1484 1882 1517 1908 =

341 1965 460 2050 Bergk,
486 1965 560 2052 Lyr.
585 1965 660 2032 Gr.⁴
677 1968 738 2052 frg.
757 1967 799 2032 79
812 1971 851 2036 Ἃ
872 1975 924 2037 καὶ
943 1973 1126 2050 δικάζεσθαι
1147 1974 1276 2050 Βίαντος
1291 1981 1347 2039 τοῦ
1367 1973 1519 2060 Πριηνέως

341 2084 478 2164 κρεῖσσον
494 2073 679 2155 edocemur,
694 2098 792 2160 quam
805 2075 996 2162 pervulgata
1008 2076 1107 2140 fuerit
1123 2077 1211 2141 fama
1222 2076 1334 2141 iudicii
1349 2075 1515 2141 Biantis.

342 2180 433 2244 ldem
470 2203 533 2245 non
571 2183 678 2246 minus
713 2181 866 2247 laudibus
898 2182 1014 2248 extulit
1041 2182 1254 2248 Demodocus
1282 2183 1399 2248 Lerius
1430 2183 1517 2270 apud

345 2287 528 2372 Diogenem
561 2290 727 2354 Laertium
758 2289 772 2353 l
802 2290 844 2355 84
874 2291 919 2372 ίΞ
946 2291 1065 2376 Bergk,
1095 2291 1169 2377 Lyr.
1204 2289 1279 2358 Gr.l
1308 2289 1369 2376 frg.
1402 2289 1436 2376 6)
1460 2295 1517 2360 Ἢν

339 2399 431 2488 τύχης
458 2403 573 2486 κρίνων,
609 2402 735 2480 δικάζευ
764 2406 818 2483 τὴν
846 2403 983 2491 Πριηνίην
1014 2405 1112 2484 δίκην.
1166 2396 1353 2462 Heraclitus
1387 2419 1516 2484 quoque

341 2503 490 2567 Biantem
527 2503 671 2568 laudavit
706 2505 814 2590 (Diog.
848 2506 954 2570 Laert.
989 2505 1005 2568 l
1035 2506 1077 2571 88
1106 2525 1138 2550 =
1166 2503 1271 2584 Diels,
1309 2503 1517 2568 llerakleitos

340 2609 464 2692 (Berlin
492 2611 589 2692 1901)
624 2611 685 2697 frg.
708 2611 751 2676 39
799 2618 829 2682 ἐν
852 2618 964 2707 Πριήνη
992 2617 1066 2694 Βίας
1090 2618 1211 2704 ἐγένετο
1237 2618 1252 2680 ὁ
1280 2617 1458 2705 Τευτάμεω,
1482 2613 1516 2680 οὔ

328 2725 437 2798 τλέων
460 2724 588 2810 λόγοςή
613 2733 673 2788 τῶν
696 2723 800 2790 ἄλλων
823 2720 877 2799 (cf.
896 2719 982 2784 infra
999 2743 1029 2806 p.
1051 2719 1113 2802 11).
1162 2717 1267 2783 Etiam
1298 2718 1339 2783 de
1363 2719 1517 2782 Pittaco

341 2824 528 2889 Heraclitus
554 2825 654 2890 verba
678 2827 758 2891 fecit
781 2839 878 2912 atque
903 2825 1059 2892 Alcaeum
1078 2826 1118 2890 ab
1141 2848 1179 2890 eo
1197 2837 1327 2912 captum
1346 2824 1515 2888 dimissum

341 2953 416 2996 esse
441 2931 552 2996 additu
575 2935 737 2998 sententia
761 2943 923 3026 συηηνώμη
948 2940 1093 3026 τιμωρίας
1112 2941 1256 3024 κρείσσων
1274 2932 1386 3018 (Diog.
1404 2931 1515 2996 Laert.

340 3037 356 3102 Ι
392 3038 456 3124 76).
505 3039 620 3104 Pittaci
649 3039 727 3104 illud
756 3047 887 3132 χαλεπὸν
923 3045 1034 3109 tratti
1062 3043 1189 3132 ἔμμεναι
1217 3040 1388 3126 impugnat
1412 3038 1516 3104 Simo-

340 3147 435 3211 nides
460 3145 548 3211 Ceus
579 3148 611 3210 in
645 3146 789 3211 Platonis
817 3147 996 3232 Protagora
1027 3146 1092 3212 343
1106 3146 1141 3212 G.
1183 3145 1389 3211 Thaletem
1413 3155 1516 3210 astro·

339 3253 447 3338 logum
482 3252 756 3340 praedicaverunt
794 3253 991 3336 Heraclitus,
1031 3254 1266 3340 Xenophanes,
1307 3253 1516 3318 Democritus

339 3370 422 3424 teste
456 3361 608 3446 Diogene
643 3362 775 3426 Laertio
811 3361 827 3424 l
859 3362 911 3426 23.
961 3360 1119 3426 Chiloni
1148 3369 1242 3454 μηδὲν
1277 3364 1355 3453 ἄγαν
1391 3362 1516 3448 primus

306 3467 459 3532 -Gritias
510 3467 690 3532 vindicavit
735 3467 861 3553 (Schol.
906 3469 984 3533 Bur.
1043 3467 1175 3556 Hippol.
1226 3469 1312 3551 264).
1384 3469 1516 3532 Dictum

340 3582 481 3667 χρήματα
509 3581 634 3668 χρήματ’
663 3581 743 3668 ἀνήρ
759 3576 1009 3642 Aristodemo
1034 3577 1234 3641 vindicatum
1255 3575 1400 3640 Alcaeus
1417 3575 1515 3656 novit,

341 3682 571 3767 (Dioghaert.
598 3682 679 3748 131
706 3693 737 3747 et
761 3682 863 3748 schol.
878 3683 970 3750 Pind.
995 3682 1107 3748 lsthm.
1133 3683 1166 3747 ll
1192 3684 1232 3748 17
1259 3705 1290 3728 -·-
1315 3681 1377 3767 irg.
1402 3684 1445 3748 49
1461 3683 1517 3766 13⁴)

340 3788 394 3872 (cf.
420 3811 503 3875 quae
529 3789 560 3854 in
578 3813 648 3877 cap.
668 3789 692 3852 V
710 3791 896 3878 exponam).
943 3791 986 3855 Ht
1009 3802 1210 3878 quantopere
1228 3789 1357 3855 duobus
1375 3788 1516 3856 saeculis

339 3919 443 3982 usque
472 3897 513 3961 ad
539 3897 697 3962 Herodoti
721 3907 860 3963 aetatem
884 3897 999 3964 laudes
1017 3896 1219 3982 singulorum
1244 3906 1359 3962 auctae
1374 3907 1516 3983 quotque

340 4003 381 4068 de
416 4003 466 4069 his
496 4003 634 4070 fabellae
669 4007 793 4070 sensim
817 4003 912 4070 fictae
942 4007 1016 4086 sint,
1045 4005 1098 4069 vel
1136 4027 1177 4070 ex
1206 4006 1278 4092 ipso
1314 4002 1515 4070 Herodoto

428 4201 448 4266 ι)
467 4199 500 4252 Β.
511 4199 787 4265 Brdmannsdocrfer,
801 4200 934 4255 Zeitalter
950 4201 975 4254 d.
990 4199 1105 4255 Novella
1124 4199 1152 4252 in
1167 4198 1384 4266 Griechcnland,
1405 4196 1513 4252 Preuss.

336 4287 659 4360 οω11101ι.ΧΧ7(1870),
682 4289 730 4343 121
751 4307 792 4358 sq.
812 4289 865 4343 283
883 4308 924 4358 sq.
939 4290 974 4344 de
989 4289 1183 4353 Wilamowitz,
1197 4287 1315 4342 Hermes
1333 4285 1409 4340 XXV
1422 4285 1514 4359 (1890)

339 4375 391 4432 196
410 4395 450 4446 sq.
470 4377 585 4433 Aristot.
606 4379 663 4433 und
684 4377 775 4433 Athen
796 4377 831 4446 ll,
852 4379 868 4433 6
887 4397 927 4448 sq.
963 4379 1011 4432 ud.
1031 4378 1182 4442 Schwartz,
1202 4377 1277 4431 runt
1289 4375 1427 4448 Vortrtga
1447 4376 1516 4431 tiber

341 4467 395 4522 den
414 4466 606 4537 griechischen
628 4467 735 4523 Roman
756 4467 861 4534 (Berlin
882 4467 962 4532 1896)
982 4487 1008 4537 p.
1028 4467 1063 4522 27
1084 4485 1122 4538 σε),
1144 4466 1193 4523 ud.
1216 4465 1319 4536 Meyer.
1346 4465 1514 4536 Forschung.

341 4576 362 4610 z.
382 4557 430 4611 alt.
455 4557 556 4612 Gesch.
579 4556 602 4612 ll
621 4576 647 4628 p.
667 4557 728 4613 237.
