3428 5310
739 421 759 484 9

347 630 536 718 ἀνωλόλυξα
559 633 619 718 μὲν
642 631 748 702 πάλαι
770 638 875 723 χαρᾶς
898 633 975 712 ὕπο,

348 737 395 808 ὅτ’
419 732 495 829 ἦλθ’
518 739 536 806 ὁ
559 744 692 829 πρῶτος
715 739 826 824 νύχιος
849 739 983 827 ἅγγελος
1006 740 1123 831 πυρός,

346 846 483 938 φράζων
507 845 631 916 ἅλωσιν
653 846 747 916 Ἰλίου
770 846 799 915 τ’
813 846 1005 918 ἀνάστασιν.

347 955 403 1022 καί
424 956 476 1033 τίς
497 952 533 1039 μ’
548 955 689 1023 ἐνίπτων
712 949 796 1036 εἶπε,
821 961 1047 1047 ,φρυκτωρῶν
1070 958 1127 1024 ota

346 1068 528 1131 πεισθεῖσα
554 1063 677 1153 Τροίαν
701 1068 758 1130 νῦν
780 1067 1026 1154 πεπορθῆσθαι
1050 1067 1196 1144 δοκεῖς“,·

135 1201 160 1248 e.
179 1201 210 1262 q.
229 1201 254 1248 s.
280 1220 322 1228 —
347 1182 438 1265 Quae
461 1183 563 1248 verba
587 1187 623 1246 ut
646 1181 820 1264 aptissima
843 1188 932 1263 sunt,
957 1183 987 1249 si
1011 1181 1250 1267 Olyttemestra
1273 1202 1361 1250 com-

132 1288 283 1372 pluribus
313 1289 428 1355 diebus
456 1294 533 1354 ante
562 1290 602 1354 de
624 1289 733 1354 reditu
762 1289 874 1356 futuro
899 1289 1100 1356 Graecorum
1124 1291 1246 1356 certior
1270 1291 1361 1357 facta

131 1415 204 1462 cum
229 1395 307 1462 aliis
323 1397 385 1461 hoc
408 1397 448 1462 de
468 1415 504 1462 re
520 1395 684 1462 collocuta
708 1402 803 1478 esset,
828 1397 877 1462 ita
896 1403 973 1464 sunt
995 1397 1213 1481 ineptissime,
1237 1397 1267 1464 si
1283 1404 1360 1464 ante

131 1503 306 1570 nonnullas
330 1503 428 1570 horas
452 1502 536 1569 illud
551 1504 696 1585 accepit;
726 1523 801 1570 nam
822 1511 955 1586 praeter
971 1505 1104 1572 chorum
1127 1523 1221 1572 nemo
1245 1507 1362 1571 aderat

131 1629 270 1692 quocum
295 1613 335 1676 de
358 1610 427 1677 illis
450 1612 548 1677 rebus
572 1610 616 1696 (v.
634 1610 773 1695 bsslsq.)
796 1630 978 1678 sermonem
1002 1618 1197 1680 consereret.

221 1717 370 1799 Denique
398 1718 490 1783 aliud
518 1717 695 1784 artificium
725 1718 822 1800 idque
846 1719 1053 1786 notissimum
1080 1720 1197 1802 paucis
1221 1739 1360 1786 comme-

128 1844 237 1908 moro,
267 1826 352 1906 quod
375 1831 492 1908 poetae
515 1825 637 1908 tragici
666 1833 702 1892 ut
730 1845 782 1892 res
807 1826 874 1893 alio
902 1826 973 1892 loco
998 1833 1096 1908 atque
1123 1826 1189 1894 alio
1215 1833 1360 1910 tempore

129 1939 243 2016 gestas
266 1931 507 2014 spectatoribus
531 1939 712 2015 exponant,
742 1933 915 2000 adhibent:
942 1930 1104 2022 ,ῥήσεις
1127 1930 1358 2019 appellaeo-⁶⁶

130 2059 214 2120 quae
240 2039 393 2105 dicuntur
402 2037 436 2126 ¹).

221 2147 260 2212 In
284 2145 418 2213 Persis
442 2166 520 2214 vero
544 2153 642 2229 poeta
665 2166 810 2231 pugnam
833 2149 1061 2216 Plataeensem
1090 2169 1153 2216 uno
1178 2149 1249 2216 fere
1272 2169 1358 2218 anno

129 2260 206 2337 post
231 2254 354 2320 facum
380 2254 513 2320 fabulae
535 2255 601 2338 ipsi
625 2273 663 2321 eo
687 2255 841 2339 innectit,
870 2258 957 2337 qnod
979 2257 1124 2323 Dareum
1151 2276 1204 2324 res
1229 2258 1359 2324 futuras

130 2361 370 2428 vaticinantem
396 2361 488 2427 facit.
531 2361 648 2443 Itaque
671 2363 789 2429 mnum
818 2382 889 2430 esse
912 2382 978 2431 non
1000 2369 1118 2447 potest,
1150 2383 1209 2431 cur
1230 2365 1360 2430 Dareus

129 2488 203 2535 cum
238 2467 379 2551 primum
414 2469 544 2550 quidem
579 2487 614 2535 se
649 2470 793 2536 nescium
829 2489 901 2537 esse
936 2471 1078 2536 omnium
1117 2490 1225 2538 rerum
1261 2479 1359 2538 antea

128 2583 298 2659 gestorum
333 2576 554 2658 simulaverit,
588 2577 654 2642 iam
682 2577 904 2660 peritissimus
934 2579 979 2646 sit
1008 2598 1117 2645 rerum
1153 2577 1356 2645 futurarum:

131 2682 224 2749 effici
248 2683 320 2749 vult
342 2689 454 2766 poeta,
487 2690 524 2749 ut
550 2690 753 2767 spectatores
777 2685 888 2752 verbis
912 2686 1054 2753 Atossae
1077 2688 1116 2752 de
1140 2689 1237 2752 rebus
1261 2685 1357 2752 initio

130 2790 277 2872 fabulae,
303 2790 324 2856 i.
343 2810 369 2856 e.
394 2790 471 2858 huic
494 2791 561 2857 diei
584 2792 854 2860 antecedentibus
878 2792 961 2860 fiant
984 2793 1151 2860 certiores.

221 3023 329 3104 Atque
352 3023 457 3090 altero
479 3023 608 3105 quidem
631 3025 703 3092 loco
726 3026 930 3107 perscrutari
953 3025 1034 3091 mihi
1058 3027 1224 3110 proposui,
1250 3033 1357 3094 utrum

127 3128 315 3214 Aeschylus
338 3129 472 3197 fabulas
496 3131 546 3197 ito
569 3131 798 3215 composuerit,
823 3138 860 3198 ut
883 3138 986 3199 totam
1009 3152 1070 3215 per
1085 3132 1234 3200 fabulam
1258 3134 1359 3201 idern

127 3237 240 3304 locus
263 3242 416 3304 teneatur
438 3257 549 3305 necne.

221 3343 293 3427 Qua
316 3344 410 3411 inre
433 3348 668 3428 pertractanda
691 3365 756 3413 non
780 3353 831 3413 est
853 3349 1195 3432 praetemnittendum,
1225 3351 1358 3430 quantis

129 3450 388 3519 difficultatibus
407 3453 569 3520 scaenicis
593 3461 710 3537 poetae
734 3454 855 3537 tragici
873 3455 993 3521 Graeci
1017 3455 1168 3539 impediti
1192 3456 1269 3540 sint,
1295 3475 1357 3538 quo

129 3559 238 3626 minus
261 3579 414 3626 scaenam
437 3567 615 3643 mutarent,
639 3562 836 3643 praesertim
860 3581 932 3628 cum
956 3564 1074 3630 chorus
1097 3583 1157 3647 per
1179 3571 1282 3631 totam
1307 3564 1358 3631 fa-

128 3665 242 3733 bulam
269 3667 305 3732 in
328 3686 369 3733 ea
395 3674 579 3735 remaneret
602 3687 705 3749 neque
734 3688 876 3749 unquam
900 3709 942 3717 —
967 3670 1133 3739 nonnullis
1157 3689 1238 3752 quos
1266 3671 1358 3738 infra

130 3776 281 3840 tractabo
306 3775 388 3842 locis
413 3776 626 3858 exceptis-
651 3776 823 3842 decederet
832 3773 867 3861 Β).

219 3881 259 3946 In
291 3881 545 3966 supplicibus
578 3883 665 3950 enim
700 3890 967 3965 repraesentatur
1001 3884 1093 3952 lucus
1127 3903 1222 3952 sacer
1255 3905 1357 3968 prope

129 3991 242 4055 urbem
268 3989 375 4072 Argos
403 3990 500 4072 situs,
533 3991 589 4072 qui
618 3990 819 4073 imaginibus
843 3993 975 4058 deorum
1005 3998 1038 4058 et
1060 4011 1121 4058 ara
1149 3998 1199 4058 est
1222 4000 1357 4060 umatus

130 4094 186 4182 (cf.
217 4116 247 4163 v.
270 4096 327 4178 33,
356 4097 521 4181 189-90,
547 4097 626 4180 208,
652 4099 731 4180 222,
755 4099 835 4180 332,
861 4097 949 4184 508).
997 4099 1067 4185 Quo
1096 4099 1357 4181 quandoquidem

129 4203 266 4270 Danaus
296 4223 369 4270 cum
401 4204 534 4272 filiabus
562 4205 728 4289 confugit,
763 4224 847 4286 quae
877 4226 938 4288 per
967 4213 1070 4274 totam
1106 4206 1254 4273 fabulam
1285 4227 1357 4274 eum

131 4309 235 4376 solum
269 4311 375 4378 locum
406 4312 551 4379 retinent
579 4311 622 4398 (v.
640 4311 734 4397 508),
767 4332 828 4379 rex
859 4314 1052 4397 revertitur,
1086 4319 1123 4381 ut
1154 4332 1226 4382 cum
1259 4315 1357 4382 choro

132 4457 342 4468 —-.——.

222 4537 241 4604 ¹)
262 4536 302 4590 De
326 4537 440 4592 nuntii
466 4549 584 4606 persona
609 4535 739 4602 quidnam
759 4551 897 4604 censeam,
923 4535 997 4590 infra
1022 4538 1180 4593 accuratius
1206 4537 1356 4608 explicabo.

220 4626 241 4695 ¹)
261 4625 303 4680 uf.
322 4624 446 4697 Schlegel
464 4625 482 4680 l.
497 4641 518 4682 c.
538 4625 642 4683 XVIII.
656 4626 731 4683 Vorl.
752 4626 791 4696 (il
809 4642 835 4696 p.
849 4627 884 4682 28
903 4626 944 4683 etl.
964 4626 1108 4696 Bbcln'ng).
