3462 5312
894 381 961 446 200

314 614 438 661 marum
458 595 604 674 centenis
623 595 772 662 versibus
797 597 983 663 inseruisse.
1017 595 1201 677 Conspicua
1225 601 1334 661 autem
1351 593 1541 660 differentia

313 710 364 768 est
386 701 527 769 rationis
552 709 721 784 poetarum
746 703 951 770 heroicorum
976 710 1008 770 et
1031 703 1252 783 satiricorum,
1277 720 1473 782 quamquam
1497 701 1540 767 iis

312 817 452 875 metrum
468 809 668 894 dactylicum
692 829 860 876 commune
884 817 942 876 est.
983 810 1039 876 llli
1064 810 1150 875 enim
1174 809 1310 876 dimidio
1336 810 1406 875 fere
1428 809 1541 892 plures

314 917 461 984 Graecas
486 917 610 982 formas
634 917 670 982 in
694 917 840 983 centenis
856 917 1007 984 versibus
1031 917 1251 983 adhibuerunt
1272 934 1370 996 quam
1393 915 1436 981 hi.
1477 915 1542 981 Sed

312 1024 371 1091 vix
401 1025 518 1090 mirum
553 1030 602 1089 est
633 1025 833 1091 Graecorum
867 1024 1033 1090 nominum
1066 1023 1320 1090 declinationem
1353 1023 1386 1088 in
1417 1022 1542 1089 saturis

313 1132 507 1213 saepissime
530 1131 725 1196 Latinorum
756 1131 806 1197 ori
830 1132 1022 1213 adaptatam
1047 1151 1132 1214 esse,
1164 1151 1236 1198 eum
1267 1138 1414 1196 saturem
1437 1149 1543 1213 genus

314 1258 450 1321 poeseos
473 1239 694 1304 Romanorum
723 1239 892 1320 proprium
917 1258 988 1305 esse
1017 1239 1084 1304 iam
1107 1244 1246 1304 testetur
1270 1237 1496 1322 Quintilianus
1508 1234 1542 1319 ¹),

315 1345 371 1425 qui
395 1345 492 1411 dicit:
521 1345 646 1428 „satira
670 1345 799 1426 quidem
824 1352 895 1413 tota
918 1352 1033 1412 nostra
1056 1347 1138 1412 est“.

880 1561 899 1644 e
925 1561 975 1625 11.

625 1689 631 1706 '
739 1686 793 1751 De
817 1692 1019 1768 poetarum
1044 1705 1122 1780 usu.

408 1811 460 1876 ΕΚ
484 1811 545 1894 iis,¹
569 1830 652 1891 quae
676 1811 782 1878 adhuc
805 1811 957 1893 diximus,
987 1811 1070 1877 satis
1094 1817 1233 1892 apparet
1256 1809 1405 1892 singulos
1428 1817 1547 1891 poetas

315 1919 409 1984 vario
440 1919 534 1984 modo
560 1918 698 1984 Graecis
722 1917 908 1984 nominihus
939 1938 1014 1983 usos
1043 1918 1128 1984 alios
1158 1919 1279 1982 multas
1309 1917 1395 1982 elios
1419 1935 1545 2000 paucas

317 2027 463 2092 Graecas
481 2025 605 2090 tonnas
629 2025 829 2091 adhibuisse.
870 2027 962 2108 Quae
985 2044 1037 2091 res
1062 2025 1269 2091 illuminatur
1291 2031 1467 2106 conspectu
1485 2024 1543 2103 VI,

317 2133 351 2197 iu
374 2152 437 2212 quo
462 2139 638 2214 conspectu
661 2130 767 2214 primo
791 2132 883 2197 nisus
907 2151 986 2197 sum.

756 2308 1011 2410 Conspectus
1040 2307 1104 2388 Vl.

318 2472 390 2534 quo
420 2463 512 2534 quot
537 2454 711 2521 Graecas
743 2454 888 2520 formas
917 2455 1183 2535 unusquisque
1212 2460 1330 2536 poeta
1360 2453 1543 2521 centenis

553 2562 737 2628 versibus
761 2561 978 2628 inseruerit
1002 2563 1305 2628 demonstratur.

407 2687 552 2752 Exstant
577 2687 725 2752 Graecae
750 2687 876 2752 formae
900 2687 934 2751 in

425 2793 537 2860 Gratti
563 2793 795 2876 cynegeticis.
846 2846 852 2858 .
901 2846 907 2858 .
1001 2795 1043 2859 22
1090 2795 1123 2859 in
1193 2795 1255 2859 541
1287 2793 1437 2861 versibus

425 2900 543 2966 Manili
567 2900 796 2966 astronomicis
847 2953 852 2965 .
903 2955 908 2966 .
982 2903 1044 2966 178
1098 2951 1111 2984 „
1176 2902 1264 2967 4208
1358 2953 1372 2984 „

424 3007 576 3090 Priapeis
624 3060 908 3072 ......
1000 3010 1042 3075 31
1098 3061 1111 3092 „
1199 3009 1264 3074 679
1358 3061 1372 3092 „

661 3116 894 3197 phoenomenis
983 3117 1045 3182 116
1099 3169 1112 3200 „
1201 3117 1264 3182 726
1359 3168 1372 3198 „

425 3221 615 3290 Germanici
663 3222 860 3304 fragmentis
904 3276 909 3287 .
1003 3224 1045 3288 20
1099 3275 1112 3306 „
1201 3224 1265 3289 218
1359 3275 1372 3307 „

663 3330 912 3412 epigrammatis
1023 3333 1043 3395 3
1098 3383 1111 3414 „
1224 3331 1264 3396 16

424 3437 566 3503 Phaedri
592 3437 740 3503 fabulis.
791 3489 796 3501 .
847 3488 852 3502 .
903 3490 908 3501 .
1002 3437 1043 3502 17
1098 3489 1111 3520 „
1178 3439 1263 3503 1937
1358 3490 1372 3520 „

577 3544 795 3628 ¹tragoediis
835 3577 853 3608 ·.
903 3596 909 3608 .
979 3545 1044 3610 666
1100 3596 1113 3627 „
1158 3545 1265 3610 10673
1359 3597 1373 3628 „

426 3651 569 3718 Senecae
585 3559 861 3826 {epigrammatis
905 3703 910 3716 .
1006 3653 1045 3716 17
1100 3703 1114 3734 ,,
1201 3653 1266 3716 614
1359 3704 1372 3735 „

613 3758 909 3842 epoeolocyntosi.
1025 3759 1045 3824 2
1099 3811 1112 3842 „
1222 3758 1265 3824 96
1359 3809 1372 3841 „

426 3865 568 3932 Octavia
627 3918 910 3930 ......
1006 3866 1046 3933 10
1099 3918 1113 3949 „
1201 3866 1266 3932 983
1360 3917 1373 3949 „

426 3972 627 4039 Columellae
649 3971 793 4038 libroX
848 4025 853 4037 .
903 4025 909 4037 .
1002 3974 1043 4038 31
1099 4025 1112 4056 „
1199 3973 1265 4038 436
1359 4025 1372 4056 „

426 4079 521 4145 Persi
545 4079 668 4146 saturis
739 4132 744 4144 .
794 4132 800 4144 .
850 4132 855 4144 .
906 4133 910 4144 .
1006 4081 1046 4145 19
1100 4131 1113 4164 „
1201 4081 1267 4146 660

425 4187 552 4253 Lucani
576 4187 753 4254 Pharsalia
792 4239 798 4251 .
848 4240 853 4251 .
903 4239 908 4252 .
979 4187 1045 4253 463
1099 4240 1112 4270 ,,
1177 4187 1265 4253 8060
1359 4240 1372 4271 „

427 4348 563 4414 Petroni
586 4301 602 4476 =
623 4301 736 4361 satura
793 4347 798 4358 .
849 4314 854 4326 ’
904 4347 909 4358 .
1002 4296 1043 4359 41
1099 4347 1112 4378 ,‚
1200 4295 1265 4360 600
1359 4346 1372 4376 „

624 4401 855 4484 fragmentis.
905 4453 910 4465 .
1026 4402 1046 4466 3
1100 4453 1114 4484 „
1203 4402 1266 4467 169
1360 4454 1373 4484 „

411 4579 430 4647 ¹)
450 4579 520 4635 Inst.
541 4593 579 4635 or.
599 4577 624 4632 X
648 4581 669 4646 1,
683 4578 725 4632 93.
