3462 5312
180 611 469 692 wahrsoheiniieln
495 613 572 677 dass
596 632 671 678 man
696 632 747 678 arn
764 612 858 678 Ende
882 613 939 678 des
955 613 1173 679 Hexameters
1197 612 1411 694 gesehrieben
1467 678 1468 681 ,

180 720 284 785 habe:
313 720 433 786 Midan
459 717 532 786 Oete
554 717 612 786 Ide
637 721 735 787 Aetne
758 720 877 787 Dircen
907 740 937 786 u.
956 741 985 786 a.
1010 725 1094 786 state
1121 721 1248 786 Midam
1272 722 1409 788 u.s.w.“

180 827 289 892 Multa
321 827 470 910 exempla
502 793 672 909 locorum:
696 829 736 894 de
767 828 885 908 quibus
918 827 1010 893 nulla
1041 827 1204 894 dubitatio
1238 832 1300 909 est,
1335 846 1412 893 οοη-

180 933 321 1000 trarium
345 938 497 1016 probant.

273 1043 320 1110 Ut
342 1041 481 1122 denique
506 1061 750 1125 cognoscamus
782 1061 866 1122 quae
891 1043 1038 1109 Graecae
1062 1040 1311 1108 terminationes
1334 1059 1412 1124 gra-

180 1148 331 1214 tissimae
360 1148 465 1230 poetis
495 1150 633 1232 fuerint,
665 1149 714 1215 ita
742 1157 857 1216 utens
881 1149 1074 1232 saepissime
1105 1149 1148 1214 iis
1172 1167 1299 1230 quoque
1328 1149 1411 1214 locis

181 1263 365 1338 servarent,
391 1257 509 1337 quibos
525 1257 622 1323 metri
639 1257 820 1323 necessitas
835 1276 901 1322 non
918 1258 1081 1339 exstabat,
1103 1263 1260 1336 sequatur
1275 1256 1410 1338 tabella,

179 1382 266 1444 quae
296 1363 545 1431 terminationes
577 1365 723 1430 continet
751 1383 884 1431 numero
910 1363 1088 1445 indicante,
1122 1371 1200 1443 quot
1224 1383 1241 1428 e
1265 1363 1411 1429 centenis

181 1469 265 1534 loeis
289 1469 479 1537 terminatio
503 1477 607 1537 metro
632 1470 800 1553 postulata
823 1471 877 1536 sit.

665 1614 930 1698 Terminationes

420 1739 586 1807 Graecae:
1015 1738 1175 1805 Latinae:

239 1864 280 1929 16
371 1889 417 1929 ων
452 1885 535 1930 ηοω.
869 1863 937 1945 0,o
982 1885 1014 1928 es
1080 1882 1147 1929 aco.
1173 1862 1217 1946 pl.

237 1970 323 2052 20,4
370 1995 409 2058 ην
452 1991 518 2036 aco.
544 1971 641 2056 (ηοω.
661 1971 713 2055 ας)
869 1970 935 2051 0,9
981 1992 1019 2036 ae
1079 1989 1151 2052 gen.

236 2077 323 2158 227
371 2102 409 2165 ης
449 2097 522 2160 gen.
869 2078 933 2159 9,1
981 2100 1033 2144 aaa
1076 2097 1144 2144 aoo.
1171 2076 1268 2163 (ηοω.
1287 2077 1339 2162 ας)
1385 2092 1391 2117 ²

237 2185 324 2265 24,7
370 2209 410 2271 ην
451 2205 518 2251 aec.
545 2185 694 2274 (ηοωη)
869 2187 935 2268 9,4
980 2207 1036 2251 am
1080 2205 1147 2251 aec.

236 2291 323 2372 323
370 2313 411 2356 αν
450 2311 518 2357 οοο.
545 2294 642 2378 (ηοω.
661 2292 712 2376 ας)
869 2295 935 2376 9,6
981 2315 1033 2359 am
1077 2313 1144 2360 aee.
1170 2293 1267 2380 (ηοω.
1285 2293 1319 2380 α)

235 2398 279 2463 48
370 2423 402 2464 ιν
448 2418 516 2465 eoo.
870 2401 936 2483 9,6
983 2403 1027 2466 im
1080 2419 1147 2467 aee.

236 2505 280 2571 50
369 2529 410 2570 αν
449 2526 516 2572 aec.
543 2505 640 2592 (ηοω.
659 2511 694 2590 α)
847 2508 935 2591 31,3
980 2529 1035 2574 um
1078 2527 1163 2575 ηοω.

236 2612 324 2694 54‚2
370 2635 411 2689 ας
450 2633 518 2679 acc.
542 2614 586 2696 pl.
847 2617 934 2698 33,3
982 2637 1034 2683 am
1077 2635 1144 2682 eoo.
1170 2615 1267 2702 (nom.
1285 2615 1319 2705 η)

236 2719 323 2801 56,9
369 2743 406 2785 ον
450 2740 516 2787 aoo.
846 2723 933 2805 46,7
981 2745 1002 2789 a
1077 2742 1160 2790 nom.
1187 2723 1253 2811 (ης)

236 2828 323 2911 69,6
370 2854 389 2916 η
450 2848 533 2895 ηοω.
847 2829 937 2912 60,0
981 2832 1146 2897 idamaee.

237 2934 323 3018 75,5
370 2958 410 3012 ας
449 2955 532 3003 ηοω.
846 2937 934 3018 63,9
981 2959 1028 3003 em
1078 2957 1145 3003 aco.

237 3041 323 3124 79,4
369 3065 406 3107 ον
448 3063 531 3109 ηοω.
846 3042 935 3126 66,6
981 3066 999 3110 o
1078 3063 1162 3110 ηοω.

235 3148 323 3231 81,9
369 3173 409 3237 ης
448 3169 531 3216 ηοω.
846 3152 934 3234 91,6
980 3177 1001 3219 ο
1078 3171 1162 3219 ηοω.
1188 3151 1234 3240 (η)

235 3256 323 3338 91,4
369 3280 390 3321 α
448 3277 516 3324 οοο.
826 3259 890 3326 100
981 3282 1001 3325 a
1078 3277 1162 3325 nom.
1187 3259 1253 3344 (ας)

235 3364 322 3446 96,8
369 3387 425 3440 eve
448 3384 532 3431 ηοω.
826 3365 889 3432 100
979 3389 1031 3433 aar
1077 3386 1145 3432 eoo.
1171 3365 1245 3455 (ης).

236 3472 323 3553 97,9
369 3472 426 3537 oda
451 3491 518 3538 aco.

682 3707 835 3804 Caput
863 3707 922 3784 111.

182 3845 383 3926 Numquid
408 3848 523 3913 metri
543 3847 763 3914 diversitas
779 3849 843 3916 vel
865 3868 988 3932 genus
1012 3849 1215 3915 scribendi
1232 3848 1294 3915 vel
1319 3868 1409 3916 usus

246 3959 449 4035 poetarum
474 3955 520 4020 ad
545 3955 718 4022 Graecas
743 3954 890 4022 formas
915 3956 1134 4024 servandas
1159 3955 1343 4023 valuerit.

761 4119 779 4202 ἕ
803 4119 833 4184 9.

560 4241 616 4308 De
638 4242 752 4309 metri
777 4243 1028 4310 diversitate.

274 4368 302 4432 1.
333 4366 373 4431 In
396 4372 544 4432 extrema
572 4367 816 4434 dissertationis
839 4373 935 4450 parte
962 4367 1077 4450 paneis
1101 4367 1212 4435 verbis
1242 4386 1408 4452 quaeram,

182 4492 257 4538 ηοω
287 4473 364 4554 quid
388 4475 483 4540 metri
514 4473 692 4540 diversitas
721 4475 774 4541 vel
804 4493 907 4556 genus
940 4474 1105 4541 scribendi
1134 4475 1188 4542 vel
1221 4494 1299 4542 usus
1331 4495 1408 4558 poe-

182 4586 289 4645 tarum
329 4582 370 4647 ad
403 4582 549 4649 Graecas
589 4583 712 4648 formas
755 4583 935 4649 servandas
968 4583 1122 4650 valuerit.
1185 4583 1234 4648 Aa
1266 4583 1407 4664 primum
