3428 5310
682 1452 767 1501 norae:
781 1452 821 1509 γὰρ
836 1453 914 1509 ιῖληφι
928 1453 1047 1509 μεταβολὰς
1060 1450 1075 1507 ἡ
1089 1455 1132 1497 τῶν
1144 1452 1258 1509 'hinccine
1273 1453 1387 1500 indicares.

1116 1524 1196 1572 Galen.
1210 1525 1265 1571 vul
1279 1527 1319 1572 584
1332 1525 1361 1572 K.

248 1733 378 1818 Epicuri
406 1733 529 1817 copiam
556 1735 721 1799 verborum
752 1752 843 1799 nemo
866 1733 969 1799 adhuc
992 1733 1145 1817 peculiari
1169 1733 1389 1799 dissertatione

162 1841 321 1922 tractavit,
345 1840 513 1906 Eduardns
528 1841 656 1905 Norden
679 1839 780 1906 obiter
796 1839 904 1923 tetigit
924 1839 1138 1925 (Konstprosa
1160 1841 1218 1925 Ip.
1238 1842 1301 1907 123
1315 1841 1388 1925 sq.).

160 1949 272 2033 Neque
294 1950 402 2014 tamen
426 1947 453 2012 si
477 1947 549 2032 quis
572 1949 714 2012 vetemm
738 1947 776 2012 de
791 1947 881 2013 illins
903 1945 1029 2013 dicendi
1045 1967 1159 2030 genere
1174 1947 1356 2013 testimonia
1365 1947 1390 2032 ¹)

160 2055 352 2139 cognoverit,
376 2055 415 2120 de
432 2055 498 2119 eius
515 2054 738 2120 vocabulorum
755 2053 953 2138 supellectile
968 2055 1098 2121 uberius
1116 2074 1263 2139 quaerere
1280 2074 1390 2139 super-

159 2181 333 2228 vacaneum
350 2161 550 2226 existimabit.
600 2159 697 2225 Cuius
721 2161 823 2244 operis
847 2161 1007 2245 triplicem
1022 2161 1201 2245 percepturi
1223 2181 1290 2228 csse
1306 2161 1390 2227 fruc-

160 2270 230 2335 tum
258 2269 417 2334 videmur:
450 2268 588 2351 primum
620 2268 705 2334 enim
737 2288 827 2351 spero
852 2269 958 2334 studia
981 2268 1231 2354 lexicographiae
1255 2269 1392 2335 Graecae

159 2375 308 2442 nonnihil
325 2375 480 2442 commodi
497 2377 628 2459 captura
643 2393 721 2456 esse,
747 2374 860 2440 deinde
876 2375 982 2459 aliqua
1001 2375 1143 2442 subsidia
1158 2377 1393 2461 praebebuntur

163 2482 417 2566 interpretationi
440 2482 630 2566 philosophi,
655 2482 744 2547 cuins
768 2483 939 2566 epistulam
961 2483 1171 2549 Herodoteam
1186 2483 1273 2549 iuxta
1291 2484 1392 2549 Theo-

161 2590 289 2673 phrasti
304 2590 482 2672 fragmenta
496 2589 712 2673 metaphysica
728 2588 821 2674 longe
838 2589 1062 2656 difficillimam
1079 2610 1146 2656 esse
1161 2589 1256 2674 periti
1267 2591 1393 2672 norunt,

160 2698 311 2781 deniqne,
346 2697 380 2762 id
413 2697 496 2780 quod
523 2716 645 2762 summo
670 2697 775 2761 labore
800 2697 933 2779 dignum
956 2717 1024 2762 esse
1051 2691 1139 2781 duxi,
1170 2697 1324 2763 nonnulla
1354 2697 1395 2762 ad

162 2803 383 2888 quaestionem
418 2804 456 2868 de
489 2803 648 2869 communi
672 2802 861 2869 Graecorum
890 2823 1032 2870 sermone
1055 2805 1297 2888 promovendam
1320 2824 1393 2870 eon-

160 2911 246 2978 lerre
269 2913 412 2977 conabor.

255 3019 360 3102 Atque
383 3018 429 3083 ita
452 3018 581 3102 quidem
604 3037 670 3082 rem
693 3017 830 3102 institui,
862 3020 899 3084 ut
927 3018 1032 3084 omnia
1061 3019 1214 3084 vocabula
1246 3039 1326 3104 quae
1360 3019 1394 3085 in

160 3125 352 3209 fragmentis
384 3125 475 3191 nobis
507 3124 547 3190 ad
579 3127 711 3191 verbum
740 3125 868 3190 traditis
899 3127 1030 3207 exstant,
1068 3125 1277 3192 examinarem
1300 3129 1395 3212 atque

161 3251 199 3298 ea
238 3251 318 3316 qnae
351 3235 390 3298 ab
414 3232 534 3316 optima
557 3231 689 3297 Atthide
713 3232 816 3297 alicua
839 3235 924 3312 sunt,
954 3233 1014 3298 hoe
1043 3233 1078 3297 in
1105 3235 1256 3317 opusculo
1280 3253 1395 3313 conge-

160 3359 277 3406 rerem.

256 3463 435 3547 Perquisiri
459 3466 564 3529 autem
586 3465 664 3530 haec
687 3465 816 3548 Epicuri
839 3465 1029 3550 fragmenta:

277 3570 432 3654 Epicurea
456 3573 504 3637 ed.
529 3572 659 3653 Usener,
705 3571 832 3655 Lipsiae
859 3575 953 3638 1887.

279 3677 507 3761 Epihnrcisehe
530 3677 836 3762 Sprnchsammlung
859 3678 907 3744 ed.
932 3679 1052 3744 Usener
1077 3681 1108 3744 et
1131 3678 1244 3744 Wothe
1259 3679 1292 3744 in
1309 3679 1398 3772 Stnd.

318 3783 453 3874 Vindob.
477 3785 507 3850 X
530 3785 649 3870 (1888)
672 3806 703 3869 p.
731 3788 793 3851 175
817 3805 864 3870 sq.

275 3891 501 3974 Epikureische
524 3893 828 3976 Spruohsammlnng
845 3893 877 3958 Π
894 3893 942 3960 ed.
959 3892 1043 3959 idem
1060 3893 1179 3960 ibidem
1202 3893 1263 3958 XII
1280 3895 1399 3982 (1890)

345 4050 352 4064 .
380 4001 394 4063 1
461 4050 468 4063 .

278 4018 504 4189 uplkurelllche
528 4106 685 4172 Schriften
709 4107 766 4172 anf
778 4107 881 4174 Stein:
905 4107 990 4173 idem
1006 4109 1039 4174 in
1055 4107 1138 4174 Mus.
1155 4107 1255 4174 Rheu.
1272 4108 1333 4174 vol.
1347 4111 1400 4190 47,

321 4215 386 4278 412
400 4231 447 4296 sq.
465 4213 534 4296 (nbi
551 4213 655 4279 editur
670 4217 794 4298 praeter
810 4216 874 4280 alia
885 4215 1015 4299 Epicuri
1032 4215 1072 4280 ad
1087 4217 1219 4280 matrem
1237 4215 1400 4300 epistula).

262 4317 348 4398 Quae
372 4319 550 4402 fragmenta
573 4323 796 4405 praebuerunt·
809 4322 930 4406 copiam
955 4341 973 4387 a
996 4341 1046 4387 me
1070 4323 1115 4387 sic
1140 4321 1341 4406 dispositam:

247 4547 267 4618 ¹)
286 4549 421 4622 Epicurea
440 4549 481 4606 ed.
502 4549 607 4607 Usener
625 4569 652 4624 p.
672 4553 706 4606 88
726 4571 766 4625 sq.

223 4657 331 4712 Linde,
345 4659 379 4704 De
396 4659 493 4714 Epicurl
509 4659 627 4706 vocabulis
1175 4648 1186 4702 l
