3442 5324
870 401 1080 500 ...1,-

451 614 670 698 Cognovimus
698 613 802 696 igitur
829 615 926 682 huius
952 616 1084 682 fabulae
1113 635 1265 682 scaenam
1293 616 1383 682 nullo
1407 617 1479 682 loeo
1505 636 1586 682 com·

362 721 528 808 mutari1),
553 722 611 788 sed
635 721 749 787 fabula
773 730 911 789 exeunte
936 743 1007 790 esse
1031 725 1166 790 eandem
1190 731 1288 804 atque
1311 724 1453 790 ineunte.

448 831 566 896 Restat
598 833 634 895 ut
662 830 702 894 de
725 828 1007 896 Eumenidibus
1039 830 1154 898 fabula
1176 850 1284 913 pauca
1307 832 1438 911 addam,
1469 831 1586 912 quippe

360 957 443 1020 quae
471 939 514 1003 ab
542 935 691 1002 omnibus
720 934 789 1002 illis
817 937 942 1018 regulis
966 958 1048 1018 quas
1072 939 1269 1023 Aeschylum
1300 939 1336 1004 in
1358 937 1587 1020 componendis

237 1069 239 1074 ·
360 1043 542 1128 tragoediis
566 1049 711 1110 secutum
735 1061 806 1110 esse
829 1044 1054 1111 demonstravi
1078 1045 1234 1112 discedat.
1279 1047 1378 1112 Prior
1401 1046 1488 1112 enim
1511 1066 1587 1128 pars

359 1152 471 1234 agitur
487 1149 635 1232 Delphis,
660 1149 768 1216 altera
782 1158 858 1233 post
873 1152 994 1218 multos
1010 1152 1080 1218 dies
1097 1153 1237 1219 Athenis
1257 1152 1314 1239 (cl.
1332 1174 1362 1220 v.
1377 1151 1586 1236 133-341).

359 1261 467 1340 Atque
491 1277 549 1323 cur
564 1257 747 1340 Aeschylus
771 1261 813 1324 ab
830 1277 868 1324 eo
884 1277 974 1324 more
990 1277 1085 1338 quem
1109 1259 1144 1324 in
1160 1259 1298 1340 reliquis
1316 1259 1440 1326 fabulis
1456 1266 1587 1326 secutus

359 1373 445 1449 erat,
470 1364 674 1446 discesserit,
704 1372 853 1446 apertum
883 1352 933 1432 est
956 1367 1193 1449 consideranti,
1223 1367 1340 1448 quibus
1364 1367 1474 1434 causis
1502 1386 1587 1433 com-

358 1480 465 1540 motus
494 1478 593 1554 poeta
627 1472 670 1537 ad
699 1473 784 1538 hanc
818 1472 965 1539 fabulam
996 1475 1250 1555 componendam
1281 1475 1476 1556 accesserit3
1516 1493 1589 1540 cum

358 1581 444 1648 enim
472 1579 605 1645 biennio
638 1577 707 1644 fere
736 1586 812 1644 ante
843 1579 917 1645 iura
945 1599 984 1646 ac
1012 1579 1192 1663 privilegia
1215 1581 1384 1664 Areopagi
1414 1582 1588 1648 admodum

358 1693 468 1755 essent
495 1685 680 1766 imminuta,
711 1686 894 1770 Aeschylus
922 1687 985 1753 hac
1012 1687 1047 1752 in
1072 1686 1188 1754 sabula
1211 1689 1354 1755 maxime
1376 1688 1411 1754 id
1436 1689 1520 1772 egit,
1553 1696 1588 1754 ut

334 1869 337 1874 ,
358 1793 615 1861 Atheniensibus
639 1799 714 1858 ante
738 1793 850 1859 oculos
878 1801 1014 1875 poneret
1037 1794 1247 1877 Areopagum
1271 1815 1292 1860 a
1315 1797 1377 1861 dea
1400 1795 1476 1876 ipsa
1499 1815 1588 1862 com-

356 1905 530 1984 probatum
565 1919 650 1982 esse,
691 1901 744 1965 cui
790 1899 880 1966 δίκαι
911 1901 1046 1989 portasi
1078 1909 1188 1968 essent
1219 1902 1424 1968 iudicandae.
1480 1903 1586 1986 Quam

356 2029 425 2076 rem
450 2007 584 2075 fabulae
612 2007 678 2093 ipsi
707 2007 851 2074 inserere
878 2015 996 2090 poetae
1020 2016 1192 2092 tantopere
1216 2016 1289 2076 erat
1312 2011 1419 2092 cordi,
1453 2017 1490 2076 ut
1514 2029 1585 2075 cum

355 2115 502 2199 Delphos
545 2114 809 2197 praetermittere
852 2134 917 2180 non
952 2122 1077 2198 posset,
1124 2117 1229 2198 legem
1265 2117 1358 2183 illam
1400 2117 1584 2200 principem

357 2224 531 2306 neglegere
560 2240 625 2288 non
648 2221 824 2287 dubitaret.
872 2222 965 2305 Quod
989 2243 1027 2289 eo
1057 2224 1191 2290 facilius
1215 2231 1346 2308 poterat
1369 2224 1474 2306 effici,
1507 2224 1583 2304 quia

356 2330 483 2414 species
514 2328 630 2411 templi
653 2328 819 2410 Apollinis
850 2329 1006 2412 Delphici
1037 2333 1147 2398 eodem
1179 2333 1274 2399 modo
1305 2333 1505 2398 reddebatur
1536 2339 1583 2397 at

357 2458 418 2520 que
439 2437 625 2516 Minervae;
661 2442 835 2517 praeterea
859 2443 967 2502 autem
991 2438 1109 2504 chorus
1132 2439 1309 2505 Furiarum
1333 2439 1389 2520 qui
1412 2439 1525 2520 spatia
1552 2445 1583 2503 et

355 2551 536 2626 temporum
567 2549 600 2609 et
627 2542 770 2610 locorum
798 2545 897 2625 plane
924 2544 1086 2627 neglegit,
1117 2565 1182 2612 non
1212 2553 1248 2612 ut
1271 2549 1389 2613 chorus
1417 2545 1582 2612 hominum

356 2658 429 2719 erat
458 2650 703 2733 impedimento,
736 2669 798 2730 quo
827 2651 934 2717 minus
964 2671 1049 2718 nunc
1077 2653 1217 2735 Delphis
1247 2673 1332 2719 nunc
1360 2652 1500 2719 Athenis
1531 2671 1582 2718 res

355 2766 541 2844 agerentur.

444 2867 507 2934 Sed
531 2884 602 2932 oum
626 2865 816 2947 plerumque
844 2871 915 2932 tota
939 2867 1054 2932 fabula
1078 2870 1190 2934 eodem
1214 2869 1286 2935 loco
1310 2874 1479 2950 ageretur,
1509 2866 1580 2933 fieri

354 2993 419 3040 non
442 2980 574 3057 poterat
594 2973 673 3052 quin
695 2979 794 3054 poeta
818 2993 898 3039 eum
923 2973 1047 3040 locum
1072 2975 1257 3058 eligeret,
1282 2976 1348 3056 qui
1372 2975 1580 3042 universae

356 3081 517 3148 fabulae
548 3080 795 3162 conveniret,
827 3081 977 3161 quamvis
1010 3082 1161 3163 singulae
1188 3089 1300 3164 partes
1331 3089 1399 3150 tum
1430 3082 1484 3148 hio
1515 3087 1581 3147 tum

354 3188 425 3254 illic
449 3189 596 3271 agendae
621 3193 738 3254 essent.

443 3295 565 3362 Maiori
593 3295 678 3360 enim
702 3295 791 3377 parti
815 3295 1024 3362 Persarum
1047 3297 1232 3379 sepulerum
1256 3297 1358 3364 Darei
1387 3316 1581 3363 11111111-

354 3409 599 3486 praesentatum
631 3401 687 3488 (cl.
712 3401 818 3488 p.10)
849 3403 1017 3484 convenit,
1057 3406 1143 3484 quod
1173 3403 1266 3471 Susis
1297 3423 1368 3470 esse
1398 3403 1581 3488 Aeschylus

354 3510 465 3592 fingit,
497 3528 692 3590 quamquam
721 3528 815 3592 reges
844 3509 1017 3576 Persarum
1043 3511 1213 3594 Persepoli
1243 3511 1497 3595 sepeliebantur.
1538 3513 1582 3576 At

352 3617 488 3684 illumne
512 3617 568 3698 qui
587 3617 730 3682 omnium
753 3637 862 3683 rerum
878 3617 1085 3686 Persicorum
1111 3625 1197 3686 esset
1219 3619 1451 3702 peritissimus,
1475 3618 1581 3686 nesci-

353 3726 441 3792 visse
462 3725 686 3807 credipotest,
713 3743 775 3804 quo
791 3723 863 3790 loco
880 3725 1011 3791 Dareus
1034 3726 1281 3794 inimicissimus
1304 3726 1363 3793 ille
1379 3726 1580 3794 Graecorum

354 3838 441 3899 esset
463 3832 641 3898 humatus?
687 3832 791 3917 Quam
822 3852 890 3898 rem
916 3833 1099 3916 Aeschylus
1124 3837 1164 3901 ob
1190 3853 1261 3900 eam
1289 3853 1422 3901 causam
1445 3835 1581 3900 finxisse

353 3941 435 4006 mihi
464 3939 610 4022 videtur,
642 3941 727 4020 quod
757 3939 829 4005 fieri
859 3959 925 4006 nou
954 3947 1099 4024 poterat,
1132 3949 1168 4008 ut
1201 3943 1372 4026 ,senatus
1405 3942 1581 4008 Persarum

352 4048 445 4114 Susis
469 4047 670 4129 Persepohm
701 4066 773 4114 sese
803 4048 984 4132 conferret,
1016 4068 1119 4130 neque
1148 4049 1321 4130 quisquam
1350 4048 1580 4128 intellexisset,

353 4175 411 4220 cur
426 4155 555 4222 Xerxes
579 4161 677 4235 atque
701 4161 778 4221 ante
795 4174 866 4221 eum
887 4155 1022 4222 nuntius
1038 4157 1130 4224 Susis
1154 4159 1235 4223 urhe
1250 4157 1485 4239 praetermissa
1501 4157 1581 4222 Per-

443 4425 462 4492 ¹)
483 4422 559 4490 Quod
580 4422 668 4478 voluit
691 4423 916 4493 Schoenbornius,
942 4425 993 4479 Die
1012 4425 1100 4481 Shene
1119 4425 1167 4480 der
1185 4383 1317 4480 llelleuen
1341 4440 1366 4493 p.
1381 4425 1481 4491 22411.

442 4515 463 4583 ¹)
482 4514 524 4570 Cf.
549 4513 661 4568 Nilsson
688 4511 706 4571 l.
720 4529 742 4569 1,
771 4530 796 4581 p.
811 4515 893 4581 2511.
942 4514 973 4568 N.
989 4514 1144 4584 Wecklein,
1176 4501 1249 4572 iiber
1277 4514 1327 4569 den
1357 4512 1522 4582 Sohauplatz
1551 4515 1579 4566 iu

352 4603 448 4658 Aesch.
469 4603 592 4670 Eumen,
612 4601 719 4656 Miinch.
734 4603 922 4673 Sitzungsber.
944 4605 1013 4658 1887
1032 4621 1057 4672 p.
1072 4605 1106 4658 62
1117 4619 1154 4670 11.
