3462 5312
722 425 785 488 147

138 637 268 702 Graeca
289 656 366 704 vero
391 638 580 704 terminatio
604 636 735 702 omnino
761 638 928 704 invenitur
951 639 1015 703 226
1039 639 1131 704 locis.
1179 640 1278 706 Metri
1304 641 1367 723 igi-

138 751 190 809 tur
214 745 376 810 rationem
408 765 472 811 non
495 764 648 828 magnum
673 745 794 810 habere
821 753 1017 812 momentum
1042 746 1281 813 concedendum
1305 754 1365 830 est,

137 851 268 918 etiamsi
298 872 353 918 eos
376 853 466 918 locos
490 853 698 934 respicimus,
731 852 849 931 quibus
871 853 1015 918 nominis
1043 853 1211 919 cuiusdam
1237 854 1366 920 Graeca

136 959 244 1023 forma
276 967 352 1024 ante
383 965 614 1026 consonantem
646 959 701 1026 vel
733 959 768 1024 in
799 959 863 1025 fine
887 979 1002 1026 versus
1036 961 1109 1026 ideo
1143 967 1276 1026 servata
1306 967 1364 1040 est,

136 1068 221 1146 quod
253 1066 319 1132 alio
352 1067 495 1133 eiusdem
525 1067 687 1148 poematis
719 1067 791 1132 loco
824 1073 927 1132 metro
959 1068 1126 1149 postulata
1157 1073 1215 1133 est.
1263 1067 1365 1136 Immo

136 1193 213 1238 vero
245 1173 428 1240 accusativi
460 1175 622 1240 Graecam
653 1172 793 1239 formam
823 1194 887 1239 non
918 1174 1025 1240 minus
1057 1182 1225 1256 acceptam
1257 1175 1365 1256 poetis

136 1280 241 1345 luisse
279 1300 375 1362 quam
414 1281 612 1348 nominativi
651 1301 751 1364 supra
790 1287 968 1347 tractatam
1003 1287 1193 1347 statuemus.
1241 1282 1365 1348 Latina

135 1393 252 1453 contra
283 1388 472 1454 terminatio
501 1411 567 1454 -om
599 1388 764 1454 nominum
795 1389 925 1469 quidem
955 1389 1162 1470 propriorum
1193 1389 1366 1455 rarissima

136 1501 195 1559 est.
250 1494 389 1576 Saepius
428 1503 537 1560 autem
572 1495 714 1560 Latinae
750 1495 869 1560 tertiae
908 1495 1141 1560 declinationis
1175 1495 1364 1561 terminatio

137 1624 201 1666 -em
231 1601 408 1684 invenitur,
434 1601 597 1683 imprimis
625 1602 660 1667 in
691 1603 833 1670 Senecae
864 1610 895 1668 et
919 1603 1005 1668 Stati
1030 1602 1207 1669 codicibus.
1255 1603 1365 1682 Neque

136 1714 216 1790 puto
247 1709 307 1773 has
331 1709 513 1791 scripturas
542 1729 670 1792 semper
694 1729 765 1774 esse
789 1729 917 1774 errores
946 1709 1140 1790 scribarum,
1166 1717 1367 1792 quapropter

137 1818 352 1898 comprobare
381 1836 445 1881 non
469 1836 615 1899 possum,
646 1818 730 1897 quod
755 1815 1026 1900 Friedlaender1)
1052 1817 1137 1882 dixit
1161 1818 1200 1881 de
1224 1817 1365 1882 nominis

137 1931 272 1989 conectoc
299 1923 506 1990 accusativo:
543 1946 608 2006 ,em
637 1929 720 1988 statt
749 1945 787 1988 eo
817 1923 862 1988 ist
890 1923 943 1988 ein
974 1924 1108 2002 Felrler,
1140 1943 1181 1988 zu
1210 1925 1281 1989 dem
1312 1923 1365 1988 die

135 2031 358 2096 Abschreiber
374 2031 523 2113 neigen“.
557 2032 602 2097 Et
618 2049 814 2111 quamquam
837 2050 901 2096 non
923 2050 1022 2096 ausus
1039 2049 1109 2095 sum
1126 2031 1364 2096 corrrectioncs

134 2138 233 2202 huius
257 2137 501 2203 terminationis
525 2138 645 2204 aviris
661 2137 765 2203 doctis
791 2138 899 2202 factas
924 2144 1059 2218 mutare,
1085 2143 1194 2202 tamen
1218 2137 1365 2203 arbitror

134 2244 206 2309 illis
230 2244 295 2309 iam
319 2245 530 2326 temporibus,
560 2246 599 2310 de
623 2245 741 2324 quibus
766 2245 908 2327 agimuS,
933 2243 1177 2309 fluctuationem
1201 2246 1363 2324 quandam

134 2373 198 2416 -em
232 2359 264 2415 et
293 2373 346 2417 -en
379 2352 646 2418 terminationem
681 2371 744 2416 non
780 2371 851 2416 esse
882 2352 1079 2432 negandam,
1116 2351 1237 2432 quippe
1267 2370 1363 2430 quam

133 2459 268 2523 nomina
291 2459 446 2524 Latinam
475 2458 607 2524 tertiam
632 2458 884 2524 declinationem
914 2463 1027 2522 secuta
1050 2457 1182 2538 saepius
1206 2460 1364 2539 praebere

134 2585 237 2646 supra
260 2565 448 2631 viderimus.

226 2672 327 2738 Nulla
350 2673 581 2739 terminatione
605 2673 669 2738 nisi
693 2695 755 2738 -em
780 2671 919 2738 affectos
948 2671 1132 2737 invenimus
1156 2670 1363 2737 accusativos

134 2779 256 2861 Aprem
289 2779 373 2864 (Val.
392 2779 662 2862 Flaccillam)
706 2780 858 2844 Brontem
889 2779 985 2863 (Stat.
1003 2777 1084 2844 Silv.
1109 2779 1126 2843 I
1154 2780 1179 2856 l,
1197 2778 1232 2862 4)
1275 2777 1364 2842 Poo-

133 2886 253 2951 cleatem
284 2885 354 2970 (Sil.
373 2886 412 2952 It.
439 2886 519 2953 XVI
543 2887 620 2969 388)
660 2886 763 2952 Zelem
794 2886 878 2968 (val.
897 2886 1008 2950 Flacc.
1030 2886 1078 2952 VI
1102 2885 1190 2969 572).
1238 2886 1362 2950 Horum

133 2993 301 3058 nominum
333 2993 437 3076 Apree
461 2992 627 3079 (Colchus)
659 2999 692 3058 et
714 2994 892 3060 Panchates
922 2991 1049 3078 (equus)
1080 3013 1144 3058 non
1175 3013 1195 3056 a
1224 2993 1363 3058 Graecis

133 3101 328 3181 deprompta
360 3119 431 3166 esse
462 3100 624 3166 videntur.
673 3101 871 3166 Accusativo
906 3100 1007 3166 Zetem
1039 3099 1194 3166 Valerius
1222 3099 1363 3164 Flaccus

132 3207 169 3271 in
194 3225 292 3273 versu
316 3207 363 3273 VI
386 3208 469 3272 572:

371 3321 405 3380 ot
427 3315 582 3381 Latocum
608 3315 769 3398 Zetemque
792 3314 926 3396 Daraps
956 3366 961 3378 .
989 3367 995 3378 .
1023 3366 1028 3378 .

134 3431 278 3495 fortasse
300 3435 477 3512 propterea
500 3451 577 3497 usus
602 3436 661 3513 est,
686 3432 772 3511 quod
797 3431 858 3497 duo
884 3429 1016 3497 nomina
1041 3429 1248 3510 insequentia
1271 3430 1362 3494 simi-

133 3537 212 3602 liter
244 3537 417 3604 terminari
447 3538 561 3604 voluit.
614 3538 664 3603 De
699 3540 804 3604 formu
837 3538 986 3604 Brontem
1019 3537 1117 3619 paulo
1151 3537 1242 3602 infra
1272 3538 1363 3603 vide-

132 3644 251 3710 bimus.
291 3644 464 3710 Invenitur
487 3646 573 3710 euim
597 3645 631 3711 in
656 3665 719 3712 uno
735 3665 832 3713 versu
849 3664 921 3710 cum
946 3645 1111 3727 Steropem,
1136 3645 1222 3724 quod
1246 3664 1362 3710 nomen

134 3771 247 3818 eorum
277 3758 341 3834 est,
374 3771 508 3832 quorum
540 3753 750 3819 accusativus
779 3752 832 3818 vel
864 3753 897 3816 in
926 3775 988 3817 -em
1013 3752 1065 3818 vel
1089 3752 1123 3817 in
1147 3774 1200 3816 -en
1230 3752 1361 3833 desinit,

133 3879 209 3924 nam
242 3860 396 3926 Valerius
419 3860 560 3926 Flaccus
589 3861 694 3925 1446
728 3860 875 3943 Steropen
908 3859 1002 3924 dixit.
1054 3861 1094 3924 Iu
1127 3879 1224 3924 versu
1259 3858 1363 3940 igitur

133 3966 222 4032 Stati
245 3965 411 4033 Silvarum
434 3967 451 4031 Ι
477 3969 505 4050 1,
522 3969 559 4031 4;

375 4085 494 4167 effipieo
519 4084 640 4150 lassam
664 4084 820 4169 Steropem
844 4084 1054 4167 Brontemque
1077 4084 1201 4165 reliquit

134 4198 256 4282 prioris
292 4199 433 4265 nominis
468 4199 731 4266 terminationem
766 4221 829 4265 -em
862 4205 1039 4281 propterea
1071 4198 1255 4280 praelatam
1290 4217 1361 4262 esso

133 4313 225 4388 puto,
250 4309 336 4387 quod
360 4325 476 4372 nomen
500 4307 674 4386 insequens
699 4326 718 4371 a
742 4306 859 4372 labiali
881 4306 995 4371 littera
1019 4305 1147 4387 incipit,
1173 4311 1247 4370 ante
1265 4323 1361 4384 quam

134 4413 340 4480 transitusn
371 4415 595 4480 antecedentis
625 4415 715 4480 inm
746 4413 828 4478 nihil
852 4415 952 4478 habet
980 4413 1131 4478 inauditi.
1179 4412 1359 4478 Secundum

227 4619 244 4686 ¹)
264 4617 403 4672 Iuvenalis
424 4634 448 4685 p.
463 4619 523 4672 331.
