3452 5316
943 1085 991 1152 ΙΙ.

385 1249 436 1328 ne
465 1248 610 1328 ratione
639 1266 735 1347 onae
764 1247 860 1327 inter
888 1247 1040 1328 codices
1070 1247 1201 1347 dicioni
1230 1246 1381 1327 deneas
1411 1245 1548 1328 Gazaei

865 1371 1071 1454 intercedit

441 1515 572 1583 Servati
612 1515 707 1581 nobis
744 1521 821 1580 sunt
853 1520 977 1596 septem
1010 1515 1139 1582 codices
1170 1515 1296 1598 dialogi
1328 1515 1441 1597 graeci
1480 1516 1578 1580 inier-

351 1623 559 1706 pretaticqne
599 1623 706 1688 latins
747 1623 837 1688 facia
876 1625 916 1688 ab
951 1622 1125 1689 Ambrosio
1159 1623 1376 1690 Traversario
1414 1641 1432 1688 e
1468 1622 1576 1688 codice

351 1730 447 1796 hodie
472 1729 651 1812 deperdito.

374 1901 376 1905 -
442 1857 470 1920 1.
506 1854 727 1922 Monacensis
758 1874 907 1938 graecus
947 1856 1011 1921 564
1043 1855 1121 1922 olim
1153 1855 1365 1938 Augustanus
1376 1855 1399 1941 ι)
1439 1855 1492 1941 (=
1516 1854 1573 1939 bi),

351 1981 433 2028 unus
463 1981 479 2026 e
507 1962 675 2028 codicibus
706 1981 791 2028 anno
818 1963 902 2026 1545
934 1963 1052 2044 emptis
1084 1965 1125 2027 ab
1155 1963 1298 2028 Antonio
1323 1963 1477 2043 Eparclro
1501 1961 1575 2028 Gor·

351 2088 470 2151 cyraeo
507 2069 558 2152 (in
590 2069 741 2150 catalogo
777 2069 901 2135 codicis
926 2069 1188 2136 Vindobonensis
1219 2067 1316 2133 latini
1347 2069 1434 2134 9734
1467 2075 1517 2134 est
1545 2087 1574 2132 n.

352 2175 404 2258 80,
423 2174 511 2260 81)2)
543 2177 758 2259 bombycinus
792 2178 916 2242 soranae
941 2182 1078 2256 quartae
1104 2177 1257 2242 soliorum
1282 2177 1347 2242 355
1377 2195 1462 2242 saec.
1486 2175 1575 2241 XIV.

352 2281 513 2348 continet:
545 2279 642 2370 ’Λρχὴ
665 2285 731 2347 τῶν
755 2286 814 2348 τοῦ
837 2283 1069 2358 Πολυδευκονς
1093 2280 1326 2366 ῦνσμασσικῶν.
1365 2282 1422 2348 fol.
1442 2283 1505 2348 104
1529 2279 1577 2346 Ἐκ

351 2393 416 2454 cciv
432 2387 596 2455 Αἰλιανοῦ
619 2390 696 2477 περὶ
722 2388 813 2470 §crisos
839 2387 1012 2478 ἰδιότητος.
1057 2389 1196 2456 101247
1221 2386 1317 2478 Ἀρχὴ
1342 2385 1402 2456 σῦν
1418 2393 1490 2473 θεῷ
1512 2392 1577 2454 τῶν

355 2499 517 2584 Τρωικῶν.
575 2497 630 2562 fol.
657 2499 720 2562 257
759 2495 815 2573 Εἰς
845 2495 902 2561 τὸν
932 2493 1025 2581 ἅγιον
1061 2495 1233 2586 Θεόδωρον
1263 2495 1319 2563 ἐπὶ
1349 2500 1396 2581 σῷ
1424 2493 1578 2580 θαύμασι

350 2607 396 2669 τιῖ
398 2629 415 2668 ν
437 2600 603 2690 κωλέβων.
647 2603 704 2669 fol.
728 2605 792 2670 260
825 2607 890 2668 Τοῦ
914 2604 996 2692 φιλῇ
1018 2601 1067 2679 εἰς
1089 2601 1146 2668 σῦν
1169 2599 1251 2668 κατὰ
1275 2601 1410 2679 ndoovc
1433 2599 1578 2686 μοναχὸν

350 2708 451 2796 λαμῦν
480 2708 538 2775 τὸν
567 2709 716 2793 κείμενον
746 2709 780 2776 έν
808 2715 848 2798 τῇ
877 2714 973 2797 πηγῇ.
1029 2711 1085 2776 fol.
1110 2712 1172 2776 261
1214 2714 1279 2776 Τοῦ
1309 2708 1412 2777 αὐτοῦ
1442 2707 1491 2786 εἰς
1520 2708 1578 2774 νῦν

350 2815 577 2908 αὐτοκράτορα
606 2815 756 2902 βασιλέα.
816 2817 873 2883 fol.
900 2820 964 2883 262
994 2816 1146 2906 ‘Istonion
1180 2821 1407 2907 γραμματικοῦ
1439 2815 1488 2885 ἰῶ.
1518 2821 1577 2882 τοῦ

348 2921 483 3005 τζέσζου
519 2914 564 2990 ὧν
596 2921 747 3012 έμνὴσέλη
779 2923 814 2989 έν
847 2923 909 3012 μέᾳ
943 2928 1008 2990 τῶν
1041 2922 1143 2990 αῦσοῦ
1178 2924 1372 2992 ἐπιστολῶν.
1430 2924 1487 2991 fol.
1512 2925 1576 2990 295

349 3033 470 3098 Maidoi
493 3035 552 3098 τοῦ
574 3029 738 3098 Αἰσώπου
768 3029 850 3097 καιὰ
876 3037 1048 3113 στοιχεῖον.
1100 3033 1157 3098 fol.
1176 3033 1241 3099 322
1263 3029 1430 3099 Αἰνείαν
1461 3055 1576 3119 σοφι-

350 3141 443 3205 στοῦ
474 3136 658 3223 διάλογος
688 3137 707 3205 d
739 3136 1006 3228 Θεόφραστος.
1066 3141 1123 3206 fol.
1149 3141 1214 3207 338
1243 3139 1382 3228 Ἱμερέσυ
1415 3143 1576 3228 σοφιστοῦ

352 3244 590 3329 έπιθαλάμιος.
639 3247 694 3312 fol.
721 3249 784 3312 341
825 3251 891 3314 Τοῦ
914 3244 1017 3313 adsoni
1040 3246 1291 3337 νισλεμαρχικός.
1343 3246 1401 3313 fol.
1423 3248 1489 3313 345
1521 3243 1577 3321 Εἰς

351 3352 492 3438 βασιλέα
516 3354 765 3442 ααναθηναίοις
787 3351 972 3441 ἀρχομένου
995 3359 1054 3420 τοῦ
1078 3352 1184 3443 ἔαρος.
1233 3355 1290 3422 fol.
1316 3355 1381 3420 346
1411 3355 1478 3420 Τοῦ
1500 3360 1576 3420 θεσ-

351 3463 488 3545 στυγοῦςΙ
511 3457 688 3527 Ἰουλιανσῦ
713 3460 900 3543 συμπόσιον
924 3458 942 3550 ἢ
966 3459 1090 3549 κρόνια.

438 3568 616 3650 Dialogum
655 3569 819 3635 antecedit
864 3569 1013 3635 laudatio
1052 3589 1110 3636 sex
1148 3589 1301 3637 versuum
1347 3570 1382 3635 in
1423 3570 1571 3636 honorem

349 3675 480 3745 Aeneae
505 3675 646 3741 forsitan
672 3675 763 3742 facts
787 3680 828 3742 ab
852 3677 979 3760 Artago
1004 3679 1153 3759 quodam,
1179 3676 1257 3757 quia
1279 3696 1396 3744 nomen
1416 3672 1570 3766 ’Ἅρπαγος

350 3781 530 3862 exprimis
554 3782 710 3862 cuiusque
733 3802 848 3848 versus
872 3782 993 3849 litteris
1019 3783 1224 3864 componitur
1234 3781 1275 3870 8);

510 3903 648 3971 Aineion)
672 3905 774 3982 πόνος
797 3896 903 3985 οὗτος,
927 3905 963 3983 ῦς
986 3905 1099 3991 έξσχος
1121 3906 1241 3975 dedicit
1263 3905 1371 3995 μούσῃ

507 4011 667 4102 Ῥητόρων
691 4015 877 4097 (legendum
901 4023 951 4082 cst
974 4014 1137 4103 ῥητὴρων)
1164 4012 1285 4101 γεγαώς
1307 4016 1363 4082 καὶ

617 4121 803 4211 θειοτέροις
826 4120 875 4188 ένὶ
897 4120 1023 4206 μύθοις

351 4249 404 4256 ...-.

441 4299 459 4367 ¹)
479 4299 568 4356 diabol.
589 4299 647 4353 cod.
667 4299 737 4355 Bibl.
759 4300 931 4355 Monacensis
951 4300 990 4355 ed.
1006 4299 1066 4371 Ign.
1081 4301 1171 4355 Hardt
1191 4301 1263 4358 Mon.
1285 4300 1353 4354 1812
1374 4301 1397 4356 V
1417 4318 1443 4369 p.
1457 4301 1515 4356 426.

439 4389 459 4458 ²)
482 4389 660 4458 Weinbergcr
683 4389 789 4445 Griech.
805 4390 919 4444 Hdschr.
940 4391 987 4445 des
1007 4393 1143 4446 Antonius
1164 4390 1318 4460 Euarchus,
1342 4390 1508 4445 Festschrift
1527 4389 1568 4443 sdr

350 4478 483 4546 Gompsrz
505 4495 529 4546 p.
543 4480 604 4533 306.

439 4567 459 4638 ³)
480 4570 562 4637 scits,
583 4569 680 4624 Schulc
700 4585 751 4623 ron
773 4571 858 4640 Gaza,
879 4571 951 4626 Uise.
971 4571 1144 4642 Heidelberg.
1166 4571 1234 4628 1892
1253 4587 1278 4640 p.
1292 4571 1333 4626 25.
