3496 5310
779 400 822 470 46

693 493 904 505 ——U-

186 613 346 685 Graecam
370 617 404 684 in
429 615 692 686 terminationem
731 619 809 685 exit.
835 623 949 686 cetera
972 617 1104 684 nomina
1131 613 1276 685 Oceanus
1299 619 1351 685 64.
1369 633 1415 703 30,

184 724 319 792 Iacchus
342 726 395 792 64.
413 742 475 809 251,
501 725 664 810 Zephyrus
687 727 740 792 64.
758 743 820 807 270,
844 726 1008 809 Hesperus
1032 727 1083 790 64.
1102 743 1164 808 321,
1194 727 1291 794 Nilus
1316 727 1367 792 11.
1387 743 1414 811 8,

184 831 327 916 Priapus
343 834 425 904 47.4
443 855 497 900 -us
513 834 777 900 terminationem
793 838 1048 916 usurpaverunt.
1081 833 1179 916 Apud
1195 833 1415 918 Vergilium

183 939 288 1022 Epeos
326 941 428 1024 Tyros
463 941 639 1026 Zoepntbos
674 943 803 1008 Neritos
840 942 974 1009 Tmaros
1008 941 1129 1024 Epiros
1162 941 1280 1009 Lesbos
1317 941 1416 1008 Delos

184 1047 326 1114 omnium
342 1048 489 1115 codicum
506 1047 694 1116 testimonio
710 1048 953 1132 confirmantur,
979 1067 1083 1129 neque
1100 1050 1258 1133 Aeppptos
1278 1048 1416 1116 Tenedos

183 1152 306 1222 formas
362 1155 538 1238 repudiare
592 1174 764 1238 possumus
819 1155 960 1239 plurium
1015 1156 1160 1221 codicum
1212 1155 1415 1222 auctoritate

182 1262 332 1344 Vergilio
368 1263 560 1330 attributas.
623 1263 744 1330 Latine
783 1261 983 1330 reformavit
1018 1263 1125 1329 omnia
1160 1263 1293 1329 nomina
1331 1282 1415 1345 quae

182 1387 283 1452 supra
316 1372 430 1452 attuli,
461 1390 596 1453 quorum
630 1372 753 1437 nullum
783 1372 825 1438 ad
849 1371 923 1436 looa
954 1370 1023 1437 eius
1061 1371 1144 1452 quod
1177 1370 1245 1435 dixi
1280 1372 1414 1453 generis

182 1484 324 1559 spectat.
357 1480 477 1546 desunt
491 1479 538 1545 ibi
555 1480 714 1545 nonnulla
729 1479 871 1564 nomina,
897 1497 1030 1561 quorum
1049 1479 1090 1544 de
1106 1478 1338 1544 terminatione
1354 1479 1415 1544 hoc

181 1587 253 1652 loco
278 1587 393 1654 melius
416 1587 597 1670 disceptari
621 1589 776 1654 arbitror.
810 1609 864 1654 -us
881 1587 1071 1653 terminatio
1096 1586 1147 1653 his
1171 1586 1204 1652 in
1228 1585 1414 1653 nominibus

181 1693 299 1776 hisque
328 1694 409 1760 locis
442 1697 598 1762 maiorem
632 1696 734 1762 habet
763 1694 1011 1760 auctoritatem:
1058 1691 1209 1777 Cyllarus
1245 1712 1295 1777 ge.
1326 1694 1356 1760 3.
1380 1709 1416 1764 90

181 1801 278 1868 MPR
300 1823 351 1868 -os
373 1802 471 1869 Prob.
490 1803 627 1885 exempl.
653 1839 696 1850 -
720 1802 884 1886 Hesperus
908 1821 955 1868 eo.
974 1801 1058 1867 VIII
1074 1801 1119 1868 30
1140 1801 1206 1868 MV
1227 1823 1277 1868 -os
1300 1800 1327 1866 P
1352 1800 1413 1886 (ec.

181 1907 215 1973 X
240 1909 282 1975 'll
305 1931 359 1976 -us
381 1909 491 1995 MPR)
522 1947 566 1959 -
598 1909 731 1994 Coeptus
757 1909 802 1976 VI
828 1911 890 1976 132
915 1909 976 1975 PR
998 1930 1050 1975 -os
1073 1910 1107 1975 Μ
1137 1946 1181 1956 -
1211 1909 1338 1976 Tmolus
1362 1927 1412 1992 ge.

183 2017 212 2080 1.
229 2033 266 2086 56
297 2016 396 2083 ΑΜΒ
420 2018 522 2084 -osP
557 2055 600 2064 -
635 2018 786 2084 Pactolus
816 2017 850 2082 X
874 2018 938 2084 142
970 2017 1032 2082 ΜΡ
1060 2038 1110 2083 -os
1137 2016 1168 2082 R
1203 2053 1246 2064 —
1280 2017 1414 2100 Papbus

181 2122 215 2188 X
238 2123 281 2189 51
307 2124 371 2189 MP
394 2147 443 2192 -os
466 2125 507 2207 R,
535 2126 569 2191 X
593 2126 636 2192 86
659 2148 713 2192 us
736 2125 799 2191 MP
823 2147 876 2210 -ps
899 2125 1007 2200 R,-
1042 2123 1215 2207 Spercbeus
1238 2143 1288 2208 ga.
1314 2126 1344 2192 2.
1362 2142 1413 2196 487

180 2230 241 2297 PR
268 2208 321 2299 -iis
347 2233 382 2299 M
412 2269 455 2280 -—-
477 2233 673 2300 Larissaeus
696 2232 747 2299 XI
763 2234 829 2300 404
845 2234 879 2299 Μ
897 2255 1005 2300 -aeous
1020 2231 1050 2298 R
1066 2233 1203 2299 aeoosP
1227 2269 1270 2280 -·
1295 2233 1415 2316 Tyrius

179 2338 281 2405 1574
297 2339 356 2405 ne
372 2313 423 2407 le
450 2341 484 2407 n
516 2340 556 2427 (a
583 2340 642 2408 001.
664 2340 757 2427 ruo.)
792 2379 833 2388 -
877 2341 1035 2407 uauaru
1070 2338 1116 2405 rr
1141 2340 1206 2406 aar
1239 2340 1335 2406 ura
1366 2361 1415 2406 es

179 2445 282 2512 Probi
317 2448 408 2514 codd.
471 2448 552 2514 mihi
588 2449 715 2530 quidem
753 2467 946 2530 persuasum
983 2454 1035 2514 est
1069 2447 1250 2530 Vergilium
1285 2448 1414 2530 Peplos

179 2553 304 2620 dixisse
328 2573 392 2621 non
416 2555 559 2639 Paphus,
585 2556 664 2622 item
683 2556 830 2623 Pocto'los
849 2555 983 2622 Tmolos.
1017 2557 1058 2622 de
1082 2556 1204 2621 ceteris
1228 2553 1413 2620 nominibus

180 2661 313 2745 dubito,
358 2669 436 2730 utra
475 2664 709 2730 terminatione
748 2663 870 2730 affecta
908 2663 989 2746 sint,
1030 2663 1159 2729 Graeca
1198 2681 1239 2727 an
1279 2661 1411 2728 Latina.

178 2767 336 2836 Latinam
359 2771 490 2838 dedisse
506 2771 686 2855 Vergilium
711 2779 791 2854 puto
817 2771 946 2855 Optloro
973 2771 1109 2838 Tartaro
1127 2770 1298 2838 Larissaea
1316 2769 1413 2853 Tyrio

178 2876 336 2960 Hespero,
371 2877 500 2963 Cocytos
529 2884 640 2946 autem
664 2885 700 2946 et
722 2879 890 2964 Spercheos
916 2878 1065 2961 aptiores
1090 2878 1167 2944 milri
1192 2877 1347 2944 videntur
1371 2878 1413 2943 ad

180 3001 275 3050 usum
300 2984 526 3070 Vergilianum
558 3007 655 3069 quam
686 2986 818 3073 Coeptus
845 2987 1026 3070 Sperobcus.
1074 3005 1158 3052 neve
1189 2987 1262 3068 quis
1292 2989 1368 3052 oet
1390 3007 1414 3052 u

177 3091 313 3159 vocales
344 3113 365 3160 a
394 3093 513 3160 scribis
544 3094 700 3161 confusas
732 3114 805 3162 esse
835 3113 926 3160 more
956 3101 1163 3176 posterorum
1194 3093 1411 3159 Romanorum

179 3199 282 3267 dicat.
323 3201 583 3269 Schuchardtius
606 3203 693 3269 hano
716 3201 940 3269 confusionem
961 3219 1098 3284 perraro
1122 3199 1251 3268 codices
1268 3200 1411 3284 Vergili·

179 3325 263 3374 anos
294 3307 457 3377 invasisse
488 3311 611 3392 optime
641 3311 754 3378 docuit
765 3309 799 3396 1).
854 3311 912 3376 sed
943 3328 1014 3376 cum
1046 3309 1176 3375 codices
1206 3308 1306 3375 nullis
1338 3306 1413 3374 iere

178 3413 262 3482 locis
292 3415 493 3484 dissentiant
524 3417 588 3484 nisi
610 3417 728 3500 quibus
757 3420 830 3485 loca
859 3417 1084 3498 nominantur,
1116 3417 1188 3483 iure
1219 3416 1413 3482 concludere

178 3540 352 3603 possumus
382 3525 434 3592 his
463 3525 545 3593 loeis
569 3525 752 3610 Vergilium
781 3525 885 3609 ipsum
910 3525 1061 3592 Graecas
1086 3523 1275 3590 adhibuisse
1299 3523 1413 3590 termi-

179 3630 344 3700 nationes.

271 3737 463 3807 Horatius
497 3747 645 3808 nostram
680 3740 880 3808 sententiam
917 3739 1069 3822 adiuvat,
1109 3739 1164 3821 qui
1204 3738 1294 3804 dicat
1328 3738 1413 3804 Illos

178 3844 284 3913 Iolcos
318 3845 413 3916 Ubios
445 3849 563 3916 Lesbos
594 3849 717 3916 Sanaos.
773 3867 792 3914 e
827 3848 948 3914 ceteris
984 3846 1167 3914 nominibus
1201 3846 1344 3912 Lebedus
1378 3851 1413 3911 et

178 3952 332 4021 Pactolus
363 3973 556 4038 quamquam
590 3956 830 4024 nominarunt
865 3955 1103 4040 geographica,
1141 3962 1249 4021 tamen
1286 3960 1413 4019 mutata

179 4067 268 4128 sunt.
316 4064 375 4129 sed
405 4063 535 4130 nomina
559 4065 737 4149 Cycladum
768 4063 929 4146 imprimis
959 4081 1022 4129 non
1055 4062 1176 4128 mutari
1206 4059 1410 4144 supradixi,

179 4168 324 4236 Leoaaas
361 4176 472 4237 autem
507 4179 542 4238 et
576 4172 730 4240 Pactolus
767 4173 899 4238 nomina
936 4176 1014 4238 sunt
1051 4169 1162 4252 oppidi
1200 4177 1235 4235 et
1271 4167 1412 4235 fluminis

180 4275 293 4344 Asiae.

270 4384 412 4452 Nomina
442 4387 499 4454 illa
530 4387 751 4473 geographica
780 4386 981 4454 Graecorum
1012 4345 1266 4454 declinationem
1296 4387 1411 4450 secuta

273 4619 292 4690 ¹)
312 4619 489 4676 Volralismus
508 4619 556 4676 der
575 4621 771 4691 Vulgtrlatcin
790 4624 856 4676 tom.
869 4619 899 4673 II
918 4635 942 4687 p.
958 4619 1018 4674 168.
