3442 5324
670 387 882 489 -ν-

252 601 366 682 Neqne
394 600 494 667 aliam
518 599 667 683 sequitur
689 601 850 669 rationem
879 603 914 668 in
936 601 1167 670 Phoenissis
1197 604 1325 688 fabula,
1355 605 1390 670 in

162 729 227 790 qna
266 727 462 790 quamquam
502 709 687 775 discordiae
725 711 965 792 componendae
1007 710 1099 778 locus
1138 711 1264 780 medius
1303 713 1390 780 inter

160 823 333 896 utrumque
362 815 541 882 exercitum
569 823 641 882 erat
664 815 850 899 eligendus,
880 816 1056 902 Polynices
1079 824 1190 885 tamen
1217 819 1253 884 in
1277 823 1389 887 urbem

161 925 364 1006 somniant,
396 923 517 1006 quippe
541 941 624 1004 qnae
652 943 711 1006 per
739 930 842 990 totam
871 925 1019 991 fabulam
1047 925 1082 991 in
1110 945 1229 993 scaena
1256 945 1389 1009 reprae-

160 1036 318 1098 sentetur.
365 1029 470 1113 Quam
494 1031 627 1096 adrem
656 1037 786 1114 poetam
809 1035 907 1098 rebus
930 1033 1092 1099 scaenicis
1120 1053 1190 1100 esse
1214 1035 1389 1100 adductum

161 1159 203 1205 ex
238 1138 342 1221 ipsius
372 1138 484 1206 verbis
519 1137 635 1221 colligi
670 1145 793 1220 potest;
838 1158 913 1206 nam
949 1159 1022 1206 cnm
1057 1140 1174 1206 mirum
1209 1140 1267 1222 sit,
1304 1141 1390 1222 quod

160 1245 351 1329 Polynices,
376 1245 484 1312 hostis
507 1245 565 1311 ille
588 1251 621 1312 et
645 1246 794 1328 proditor
817 1247 957 1330 patriae,
982 1250 1095 1313 urbem
1119 1247 1264 1314 introcat
1273 1247 1307 1332 ¹),
1336 1248 1388 1314 his

160 1352 354 1419 confirmare
376 1352 488 1420 verbis
518 1372 583 1419 non
606 1352 729 1420 desinit
755 1371 791 1419 se
819 1353 889 1420 solo
919 1353 1051 1420 foedere
1080 1353 1201 1421 fretum
1229 1356 1292 1421 huc
1315 1374 1389 1437 per-

160 1459 293 1527 venisse
317 1458 360 1545 (v.
379 1459 563 1545 272—73):
1076 1481 1080 1490 ·

374 1581 528 1652 πέποιθα
551 1581 664 1668 μέντοι
687 1584 788 1673 μητρὶ
811 1581 871 1652 κού
893 1582 1034 1652 πέπονθ’
1056 1582 1137 1668 ἅμα,

375 1689 447 1779 ἥτις
469 1689 504 1776 μ’
527 1689 639 1758 ἔπεισε
663 1689 755 1783 δεῦρ’
778 1689 994 1760 ὑπόσπονδον
1016 1693 1141 1777 potata

161 1806 195 1865 et
219 1819 250 1866 v.
269 1799 437 1866 364-66:
756 1796 791 1866 ἓν
815 1797 852 1866 δέ
874 1796 910 1883 μ’
934 1796 1067 1888 ὠφελοῖ,

377 1905 520 1973 σπονδαί
542 1907 655 1973 τεκαὶ
680 1904 720 1995 σὴ
743 1905 868 1985 πίστις,
893 1903 914 1995 ἦ
936 1903 971 1991 μ’
995 1903 1130 1995 ἐσήγαγε

374 2013 466 2102 τείχη
490 2017 640 2103 πατρῷα.

251 2139 399 2205 Eandem
419 2139 549 2223 profert
571 2140 813 2206 excusationem
832 2139 885 2206 his
907 2139 985 2206 aliis
1007 2139 1104 2207 locis:
1129 2161 1160 2207 v.
1175 2141 1228 2223 81,
1242 2142 1294 2223 97,
1312 2141 1386 2207 450.

251 2245 338 2330 Quin
361 2247 463 2313 etiam
486 2247 626 2315 dixerim
649 2247 857 2329 Euripidem,
887 2253 923 2313 ut
946 2247 1039 2313 illum
1067 2248 1109 2313 ad
1131 2247 1259 2330 regiam
1282 2247 1387 2329 ipsam

161 2356 341 2438 producere
380 2361 503 2437 posset,
550 2354 694 2420 animum
733 2353 802 2421 eius
841 2353 1023 2421 molliorem
1065 2360 1163 2435 atque
1203 2354 1387 2420 faciliorem

161 2462 299 2529 finxisse
336 2479 432 2542 qoam
468 2461 596 2542 qualem
635 2461 669 2526 in
703 2461 862 2545 Aeschyli
896 2461 1026 2543 Septem
1065 2463 1222 2528 adversus
1257 2461 1387 2527 Thebas

161 2568 278 2636 fabula
302 2587 338 2635 se
360 2571 544 2650 praeberet.
584 2568 675 2634 Adeo
699 2568 786 2634 enim
809 2568 991 2650 cupiditate
1015 2567 1157 2634 iniuriae
1180 2567 1388 2634 ulciscendae

159 2696 225 2743 non
254 2677 362 2758 ardet,
394 2682 431 2741 ut
457 2682 623 2757 tamquam
653 2695 689 2742 se
712 2675 875 2758 propositi
898 2676 1082 2758 paeniteat,
1114 2673 1285 2741 exanimi
1314 2693 1387 2740 sen-

162 2783 268 2850 tentia
291 2802 406 2865 pacem
430 2783 541 2850 lacere
564 2785 696 2850 studeat
717 2783 774 2868 (cl.
799 2803 829 2848 v.
848 2782 1047 2867 357-442).

251 2891 402 2957 Ceterum
424 2889 614 2975 Polynicem
637 2891 724 2956 hunc
746 2889 852 2956 locum
874 2889 1015 2956 maxime
1039 2890 1111 2956 ideo
1136 2889 1259 2956 adiisse
1282 2890 1388 2956 credi-

162 2997 276 3080 derim,
301 2998 386 3078 quod
406 2996 479 3064 lieri
501 3017 566 3064 non
589 3003 720 3081 poterat
743 2997 822 3079 quin
841 2997 1020 3079 Euripides
1043 2996 1136 3062 illum
1159 2997 1277 3077 quihus
1301 3003 1389 3062 esset

161 3105 307 3172 moribus
331 3105 448 3171 saltem
471 3105 573 3171 semel
592 3104 833 3186 spectatoribus
858 3111 933 3170 ante
957 3103 1069 3170 oculos
1093 3110 1245 3184 poneret3
1276 3102 1389 3183 itaque

161 3212 354 3296 priusquam
376 3211 545 3279 Eteoclem
572 3211 762 3294 conveniat,
791 3211 891 3277 matri
920 3216 1052 3293 praeter
1079 3211 1165 3277 alias
1193 3229 1246 3276 res
1270 3209 1388 3291 quihus

162 3320 322 3386 adductus
346 3319 455 3387 causis
479 3320 540 3386 hoc
563 3318 684 3385 bellum
708 3319 886 3402 gerendum
910 3317 1093 3401 susceperit
1120 3324 1153 3383 et
1181 3317 1259 3398 quid
1289 3323 1388 3383 antea

163 3427 270 3511 egerit
292 3425 520 3513 (utos-42)
544 3427 698 3509 explicat.

251 3534 360 3616 Atque
393 3533 429 3599 in
463 3533 630 3600 Bacchis
669 3540 841 3617 postquam
876 3533 1010 3599 nuntius
1048 3531 1179 3598 rettulit
1213 3550 1307 3614 quem
1346 3533 1388 3598 ad

163 3642 292 3708 modum
324 3641 403 3708 illae
435 3640 470 3707 in
500 3641 678 3707 Pentheum
711 3640 964 3722 consuluissent,
998 3645 1130 3722 poetam
1161 3658 1274 3706 nemus
1306 3639 1389 3704 illud

163 3748 271 3831 ipsum
301 3766 422 3815 scaena
451 3753 771 3832 repraesentaturum
807 3766 878 3814 esse
909 3752 1145 3828 exspectamus.
1192 3745 1286 3829 Quod
1316 3765 1388 3812 cum

163 3857 237 3922 fieri
267 3874 332 3922 non
361 3855 481 3938 possit,
515 3856 631 3937 Agave
661 3856 733 3922 sola
763 3873 835 3922 cum
865 3854 929 3920 filii
960 3853 1070 3936 capite
1099 3853 1230 3920 absciso
1261 3852 1389 3918 domum

164 3963 264 4045 redit,
304 3981 499 4043 quamquam
530 3963 590 4028 Ino
623 3969 657 4028 et
687 3963 838 4028 Autonoe
870 3961 992 4028 ibidem
1024 3964 1265 4042 remanserunt,
1305 3960 1389 4025 hanc

164 4070 306 4136 afferens
330 4089 462 4137 causam
486 4069 752 4156 (asela-my

255 4321 274 4390 ¹)
294 4319 370 4388 Quod
396 4334 477 4387 quam
501 4317 651 4374 absurdum
674 4323 760 4384 esset,
791 4334 825 4373 ne
852 4332 914 4373 enm
936 4316 1045 4385 quidem
1063 4315 1153 4372 virum
1179 4315 1289 4371 doctum
1313 4315 1390 4386 fugit

163 4411 209 4479 qni
235 4417 428 4480 argumentum
453 4410 535 4464 huius
558 4408 671 4464 fabulae
695 4409 863 4476 composuit;
892 4409 917 4462 is
940 4407 1013 4462 enim
1036 4406 1086 4460 illa
1109 4406 1142 4460 de
1165 4421 1194 4460 re
1216 4405 1283 4460 haec
1306 4405 1388 4459 dicit:

165 4503 221 4555 ἔστι
241 4499 271 4556 τὸ
290 4499 384 4572 δρᾶμα
471 4495 516 4553 διὰ
536 4495 647 4555 πάντων
671 4495 809 4570 ἀκμάζον,
836 4503 865 4554 et
889 4503 944 4552 καὶ
968 4492 1141 4552 ἀπίθανον
1165 4497 1236 4566 ἔχει
1262 4491 1320 4564 τὴν
1343 4501 1390 4556 εἰς

166 4587 275 4660 Θήβας
294 4593 525 4650 Πολυνείκους
544 4589 688 4645 εἴσοδον.
