3452 5314
889 377 950 442 104

307 609 381 654 nam
406 589 537 654 tertiam
563 589 815 654 declinationem
839 597 1032 672 sequuntur,
1062 591 1255 672 saepissime
1279 591 1442 657 Graecam
1466 599 1534 656 ter-

305 697 518 762 minationem
542 720 598 772 -ας
621 703 839 764 servaverunt
861 697 883 783 ).

395 804 448 868 lta
473 804 657 871 Grattius
680 804 767 870 dixit
789 804 887 871 Suos
912 805 975 870 159
1006 809 1040 870 et
1068 806 1180 872 ducas
1204 805 1279 872 266.

394 911 520 977 Eadem
544 911 775 978 terminatione
799 911 990 978 Manilius
1013 911 1210 979 declinavit:

398 1017 530 1086 Arabos
559 1018 605 1086 IV
631 1019 705 1098 654,
730 1019 793 1084 754
817 1019 860 1105 (Α
881 1017 940 1104 -es)
978 1019 1132 1086 Pleiadas
1154 1021 1184 1088 V
1209 1020 1283 1100 142,
1302 1021 1364 1085 711
1400 1021 1535 1086 Titanas

307 1127 342 1192 Il
369 1127 410 1190 15
441 1127 620 1208 elephantus
643 1125 690 1192 IV
714 1126 788 1204 667,
808 1126 872 1191 746
903 1127 1013 1192 heroas
1036 1127 1148 1194 V483
1179 1127 1348 1209 lampadas
1371 1127 1388 1192 Ι
1411 1127 1486 1192 846.

395 1233 458 1299 Sed
487 1234 573 1298 idem
600 1233 756 1299 Latinum
788 1233 911 1298 exitum
935 1256 983 1299 -cs
1013 1235 1067 1300 vel
1096 1240 1256 1300 mutatum
1283 1235 1328 1299 -is
1359 1234 1449 1300 dedit
1480 1233 1535 1299 his

306 1340 507 1406 nominibus:
550 1339 701 1424 Cyclades
728 1341 776 1409 lV
800 1342 865 1406 637
904 1341 1068 1408 Draeom
1093 1342 1121 1409 V
1146 1343 1211 1408 716
1245 1344 1387 1426 yiyautcs
1415 1341 1431 1407 Ι
1456 1342 1533 1422 421,

306 1447 425 1528 quihus
456 1449 615 1514 accedunt
646 1447 773 1514 somnae
804 1449 910 1531 Syrtis
932 1448 979 1517 IV
1004 1448 1069 1514 666
1100 1449 1191 1532 tipris
1214 1449 1261 1517 IV
1286 1449 1365 1530 235,
1397 1467 1481 1528 quae
1513 1467 1534 1513 a

307 1555 447 1622 Graecis
471 1554 690 1620 terminantur
713 1574 772 1637 per
794 1579 867 1639 erg.

395 1662 569 1743 Priapes
605 1661 774 1727 continent
805 1663 952 1728 Graecas
988 1663 1113 1728 formas
1148 1663 1278 1728 luridas
1316 1669 1349 1729 et
1377 1662 1534 1748 Dryadas

307 1770 342 1835 in
359 1769 548 1834 hexametro
565 1768 719 1834 XXXIII
738 1771 765 1850 1,
790 1768 945 1835 Latinam
970 1769 1113 1836 Arcades
1136 1769 1171 1836 in
1188 1771 1319 1836 senario
1335 1770 1486 1838 XXXVI
1502 1771 1533 1836 5.

397 1875 655 1943 Germanicus
682 1895 811 1958 semper
835 1877 997 1943 Graecam
1026 1877 1289 1943 terminationem
1320 1877 1473 1944 adhibuit
1501 1885 1535 1942 et

307 1984 342 2049 in
366 1983 619 2049 Phaenomenis:
651 1983 890 2050 1733331341
917 1991 951 2049 et
974 1985 1130 2051 Nereidas
1154 1985 1228 2068 765,

397 2097 430 2156 et
453 2091 488 2156 ln
511 2090 776 2172 epigrammatis:
808 2091 1034 2175 Myrmidonas
1056 2092 1074 2157 Ι
1100 2093 1128 2157 7.

398 2208 482 2272 Item
505 2206 723 2272 Phaedrus:
755 2207 899 2273 tribadas
927 2207 974 2273 IV
1001 2207 1099 2289 15,1.

399 2323 545 2389 Seneca
575 2323 611 2388 In
634 2323 816 2405 tragoedus
844 2343 908 2390 uno
931 2324 1004 2390 loeo
1027 2322 1103 2410 (hg.
1121 2323 1209 2410 486),
1241 2329 1278 2390 ut
1299 2331 1405 2390 metro
1433 2325 1534 2390 satis-

310 2431 446 2512 faceret,
471 2430 592 2496 Latino
617 2430 708 2495 exitu
732 2449 809 2496 usus
834 2435 899 2496 est:

522 2537 715 2622 Libycusque
736 2537 873 2605 taraus
897 2538 1016 2604 Auster
1037 2561 1076 2635 aa
1099 2538 1206 2623 Syrias
1229 2540 1302 2623 oyit.

399 2645 598 2712 Graecorum
622 2664 711 2711 more
735 2645 903 2712 declinata
925 2645 1111 2713 invenimus
1136 2645 1257 2712 ibidem
1280 2645 1362 2712 haec
1385 2645 1533 2712 nomina:

398 2753 567 2835 Aethiopas
583 2751 668 2838 (Hd.
687 2753 743 2838 38)
775 2752 907 2820 Arabas
923 2753 1015 2836 (Oed.
1033 2752 1108 2837 117)
1141 2753 1291 2820 Arcadas
1307 2753 1443 2837 (Phaed.
1460 2753 1535 2838 786)

312 2860 469 2943 Giyarrtas
493 2859 585 2944 (Oed.
602 2861 658 2941 91)
689 2859 824 2942 Hyadas
848 2861 945 2945 (Med.
964 2861 1029 2925 312
1053 2860 1135 2944 Thy.
1153 2859 1231 2944 853)
1263 2859 1376 2926 Panas
1400 2860 1534 2944 (Phaed.

311 2967 388 3051 784)
431 2967 689 3052 Phryyasffro.
708 2969 783 3049 277,
800 2969 866 3033 434
891 2968 952 3050 Ag.
971 2965 1048 3052 266)
1093 2967 1331 3050 Stymphalidas
1355 2967 1410 3051 (Η.
1421 2967 1445 3031 f.
1471 2967 1534 3032 244

310 3074 396 3140 Η.Ο.
424 3075 522 3160 1237)
558 3074 787 3159 Sympieyadas
811 3075 909 3158 (Med.
927 3073 1005 3160 456)
1043 3075 1178 3142 Titanas
1202 3073 1256 3160 (H.
1269 3075 1291 3139 f.
1318 3075 1360 3138 79
1390 3074 1452 3156 Ag.
1471 3074 1534 3139 346

311 3183 397 3249 Η.6.
425 3183 523 3266 1366)
568 3182 670 3248 Troas
698 3181 786 3267 (Tro.
805 3183 867 3246 791
898 3183 959 3264 Ag.
977 3182 1053 3264 526,
1070 3182 1149 3266 619)
1188 3219 1230 3228 -
1270 3181 1412 3264 tripodas
1436 3181 1533 3262 (Med.

310 3291 363 3372 86,
383 3289 470 3376 785).

398 3397 576 3462 Praeterea
606 3396 691 3462 idem
720 3402 818 3479 poeta
842 3397 969 3463 Graece
998 3395 1179 3463 declinavit
1208 3395 1243 3461 in
1268 3394 1533 3478 epigrammatIs:

314 3504 480 3588 Geryouas
503 3503 687 3571 XXXVIII
709 3505 729 3568 2
753 3510 785 3569 et
805 3505 995 3587 pyramidas
1018 3503 1150 3572 XXVII
1173 3504 1208 3585 3;
1233 3504 1268 3585 4,
1292 3502 1443 3569 XXVIII
1459 3504 1490 3584 4,

401 3617 434 3677 et
457 3611 493 3676 in
508 3610 803 3695 Apocolocyntosis
820 3631 917 3677 versu
933 3609 1144 3693 anapaestico
1168 3610 1237 3676 XII
1253 3611 1283 3692 3,
1296 3641 1324 3680 a
1348 3611 1535 3694 Briyantas.

399 3719 437 3783 ln
473 3718 617 3784 eiusdem
653 3719 761 3800 operis
800 3718 951 3800 prosaico
987 3723 1141 3784 contextu
1180 3723 1290 3784 exstat
1326 3717 1536 3784 accusativus

310 3827 566 3907 metamorphosis
589 3825 639 3891 IX
655 3826 686 3907 5,
703 3853 726 3894 r.

398 3933 512 4012 Neque
535 3932 751 3999 Columella
776 3934 978 4000 Graecorum
1002 3951 1094 3998 usum
1110 3931 1246 4014 sprevit,
1271 3951 1344 3998 eum
1360 3932 1536 3998 scriberet:

401 4041 591 4107 riadeloidas
614 4040 647 4106 X
665 4041 729 4107 263
761 4041 875 4106 Panas
897 4041 930 4106 X
946 4041 1010 4105 427
1042 4039 1200 4107 audradus
1224 4039 1339 4105 Χ256
1362 4037 1536 4124 (3381161

309 4170 363 4213 -os
386 4147 551 4234 Ursinus).

399 4256 546 4321 Eandem
577 4256 646 4320 lere
670 4255 832 4321 rationem
861 4261 991 4321 secutus
1015 4261 1066 4320 est
1088 4253 1263 4336 Persius,
1291 4253 1349 4335 qui
1372 4253 1538 4321 Graecam

402 4488 420 4556 ι)
440 4487 621 4542 SnIehotta
639 4487 657 4543 l.
672 4503 694 4542 c.
714 4503 738 4554 p.
752 4487 795 4543 35.
816 4519 847 4526 -
869 4486 1024 4541 Bednara
1042 4485 1095 4542 lc.
1114 4484 1277 4556 putatu).
1298 4515 1331 4524 —
1352 4485 1465 4540 Koene
1485 4485 1540 4542 lc.

310 4591 335 4644 p.
350 4576 408 4632 126.
431 4608 462 4615 -
483 4577 570 4632 Neue
589 4577 627 4631 1⁸
646 4578 698 4631 486
709 4593 763 4644 sqq.
786 4607 817 4616 -
838 4577 1041 4632 Leimeister
1060 4577 1078 4632 l.
1092 4591 1114 4632 o.
1134 4592 1159 4644 p.
1173 4575 1216 4644 28,
1228 4576 1273 4643 32,
1285 4575 1385 4643 36,.41.
