<?xml version="1.0" encoding="UTF-8"?>
<!DOCTYPE html PUBLIC "-//W3C//DTD XHTML 1.0 Transitional//EN"
    "http://www.w3.org/TR/xhtml1/DTD/xhtml1-transitional.dtd">
<html xmlns="http://www.w3.org/1999/xhtml" xml:lang="en" lang="en">
 <head>
  <title>
</title>
<meta http-equiv="Content-Type" content="text/html;charset=utf-8" />
  <meta name='ocr-system' content='tesseract 3.04.00' />
  <meta name='ocr-capabilities' content='ocr_page ocr_carea ocr_par ocr_line ocrx_word'/>
</head>
<body>
  <div class='ocr_page' id='page_1' title='image "./deviatqueindole00cohngoog_0274.png"; bbox 0 0 3442 5324; ppageno 0'>
   <div class='ocr_carea' id='block_1_1' title="bbox 736 440 775 505">
    <p class='ocr_par' dir='ltr' id='par_1_1' title="bbox 736 440 775 505">
     <span class='ocr_line' id='line_1_1' title="bbox 736 440 775 505; baseline 0.026 -1"><span class='ocrx_word' id='word_1_1' title='bbox 736 440 775 505; x_wconf 85' lang='lat'>21</span> 
     </span>
    </p>
   </div>
   <div class='ocr_carea' id='block_1_2' title="bbox 652 532 862 542">
    <p class='ocr_par' dir='ltr' id='par_1_2' title="bbox 652 532 862 542">
     <span class='ocr_line' id='line_1_2' title="bbox 652 532 862 542; baseline 0 0"><span class='ocrx_word' id='word_1_2' title='bbox 652 532 862 542; x_wconf 64' lang='lat' dir='ltr'><em>n-———</em></span> 
     </span>
    </p>
   </div>
   <div class='ocr_carea' id='block_1_3' title="bbox 139 652 1388 1404">
    <p class='ocr_par' dir='ltr' id='par_1_3' title="bbox 141 652 1169 861">
     <span class='ocr_line' id='line_1_3' title="bbox 141 652 952 743; baseline 0.005 -26"><span class='ocrx_word' id='word_1_3' title='bbox 141 652 234 718; x_wconf 91' lang='lat' dir='ltr'>Idem</span> <span class='ocrx_word' id='word_1_4' title='bbox 259 673 277 720; x_wconf 97' lang='lat' dir='ltr'>e</span> <span class='ocrx_word' id='word_1_5' title='bbox 301 653 411 720; x_wconf 91' lang='lat' dir='ltr'>verbis</span> <span class='ocrx_word' id='word_1_6' title='bbox 435 653 589 720; x_wconf 78' lang='lat' dir='ltr'>Electrae</span> <span class='ocrx_word' id='word_1_7' title='bbox 614 656 719 723; x_wconf 89' lang='lat' dir='ltr'>elucet</span> <span class='ocrx_word' id='word_1_8' title='bbox 741 657 794 723; x_wconf 90' lang='lat' dir='ltr'>his</span> <span class='ocrx_word' id='word_1_9' title='bbox 819 655 862 743; x_wconf 92' lang='lat' dir='ltr'>(v.</span> <span class='ocrx_word' id='word_1_10' title='bbox 880 654 952 742; x_wconf 83' lang='lat'>86):</span> 
     </span>
     <span class='ocr_line' id='line_1_4' title="bbox 358 760 1169 861; baseline 0.006 -27"><span class='ocrx_word' id='word_1_11' title='bbox 358 760 385 834; x_wconf 85' lang='grc' dir='ltr'><strong><em>ῶ</em></strong></span> <span class='ocrx_word' id='word_1_12' title='bbox 407 765 495 859; x_wconf 82' lang='grc' dir='ltr'><strong><em>φάος</em></strong></span> <span class='ocrx_word' id='word_1_13' title='bbox 518 767 615 856; x_wconf 74' lang='grc' dir='ltr'><strong><em>ἁγνὸν</em></strong></span> <span class='ocrx_word' id='word_1_14' title='bbox 637 772 693 838; x_wconf 82' lang='grc' dir='ltr'>καὶ</span> <span class='ocrx_word' id='word_1_15' title='bbox 715 775 773 861; x_wconf 80' lang='grc' dir='ltr'>γῆς</span> <span class='ocrx_word' id='word_1_16' title='bbox 797 769 940 860; x_wconf 70' lang='grc' dir='ltr'><strong><em>ι’σέμοιρ</em></strong></span> <span class='ocrx_word' id='word_1_17' title='bbox 962 768 1026 860; x_wconf 83' lang='grc' dir='ltr'><strong><em>α’ὴρ</em></strong></span> <span class='ocrx_word' id='word_1_18' title='bbox 1050 793 1076 839; x_wconf 94' lang='lat' dir='ltr'>e.</span> <span class='ocrx_word' id='word_1_19' title='bbox 1095 793 1169 854; x_wconf 86' lang='lat' dir='ltr'>qs.</span> 
     </span>
    </p>

    <p class='ocr_par' dir='ltr' id='par_1_4' title="bbox 141 886 1388 1191">
     <span class='ocr_line' id='line_1_5' title="bbox 232 886 1388 976; baseline 0.004 -24"><span class='ocrx_word' id='word_1_20' title='bbox 232 886 346 968; x_wconf 82' lang='lat' dir='ltr'>Neque</span> <span class='ocrx_word' id='word_1_21' title='bbox 375 887 511 954; x_wconf 91' lang='lat' dir='ltr'>multum</span> <span class='ocrx_word' id='word_1_22' title='bbox 539 907 733 971; x_wconf 77' lang='lat' dir='ltr'>progressus</span> <span class='ocrx_word' id='word_1_23' title='bbox 764 895 814 956; x_wconf 90' lang='lat' dir='ltr'>est</span> <span class='ocrx_word' id='word_1_24' title='bbox 841 889 925 971; x_wconf 81' lang='lat' dir='ltr'>dica,</span> <span class='ocrx_word' id='word_1_25' title='bbox 959 909 1031 957; x_wconf 92' lang='lat' dir='ltr'>cum</span> <span class='ocrx_word' id='word_1_26' title='bbox 1059 889 1304 974; x_wconf 80' lang='lat' dir='ltr'>Chrysothemis</span> <span class='ocrx_word' id='word_1_27' title='bbox 1334 891 1388 976; x_wconf 88' lang='lat' dir='ltr'>in</span> 
     </span>
     <span class='ocr_line' id='line_1_6' title="bbox 141 993 1370 1080; baseline 0.004 -21"><span class='ocrx_word' id='word_1_28' title='bbox 141 1013 298 1060; x_wconf 83' lang='lat' dir='ltr'>scaenam</span> <span class='ocrx_word' id='word_1_29' title='bbox 319 993 444 1076; x_wconf 87' lang='lat' dir='ltr'><strong>prodit,</strong></span> <span class='ocrx_word' id='word_1_30' title='bbox 474 1013 570 1075; x_wconf 88' lang='lat' dir='ltr'>qnam</span> <span class='ocrx_word' id='word_1_31' title='bbox 594 994 834 1079; x_wconf 75' lang='lat' dir='ltr'>Clytaemestra</span> <span class='ocrx_word' id='word_1_32' title='bbox 861 998 904 1063; x_wconf 88' lang='lat' dir='ltr'>ad</span> <span class='ocrx_word' id='word_1_33' title='bbox 931 997 1116 1080; x_wconf 88' lang='lat' dir='ltr'>sepulcrum</span> <span class='ocrx_word' id='word_1_34' title='bbox 1144 997 1251 1080; x_wconf 90' lang='lat' dir='ltr'>patris</span> <span class='ocrx_word' id='word_1_35' title='bbox 1277 997 1370 1064; x_wconf 86' lang='lat' dir='ltr'>misit</span> 
     </span>
     <span class='ocr_line' id='line_1_7' title="bbox 141 1097 836 1191; baseline 0.004 -26"><span class='ocrx_word' id='word_1_36' title='bbox 141 1098 200 1179; x_wconf 68' lang='lat' dir='ltr'>„iu</span> <span class='ocrx_word' id='word_1_37' title='bbox 224 1097 380 1184; x_wconf 81' lang='grc' dir='ltr'><strong><em>δείματός</em></strong></span> <span class='ocrx_word' id='word_1_38' title='bbox 402 1125 462 1167; x_wconf 90' lang='grc' dir='ltr'>του</span> <span class='ocrx_word' id='word_1_39' title='bbox 485 1099 662 1191; x_wconf 87' lang='grc' dir='ltr'><strong><em>νοκτέρου“</em></strong></span> <span class='ocrx_word' id='word_1_40' title='bbox 687 1101 730 1189; x_wconf 90' lang='lat' dir='ltr'>(v.</span> <span class='ocrx_word' id='word_1_41' title='bbox 748 1103 836 1188; x_wconf 81' lang='lat'>410).</span> 
     </span>
    </p>

    <p class='ocr_par' dir='ltr' id='par_1_5' title="bbox 139 1207 1370 1404">
     <span class='ocr_line' id='line_1_8' title="bbox 232 1207 1370 1295; baseline 0.004 -22"><span class='ocrx_word' id='word_1_42' title='bbox 232 1207 311 1274; x_wconf 85' lang='lat' dir='ltr'>Mox</span> <span class='ocrx_word' id='word_1_43' title='bbox 337 1207 456 1290; x_wconf 82' lang='lat' dir='ltr'>regina</span> <span class='ocrx_word' id='word_1_44' title='bbox 483 1208 558 1291; x_wconf 91' lang='lat' dir='ltr'>ipsa</span> <span class='ocrx_word' id='word_1_45' title='bbox 581 1209 717 1276; x_wconf 87' lang='lat' dir='ltr'>somniis</span> <span class='ocrx_word' id='word_1_46' title='bbox 745 1211 914 1277; x_wconf 85' lang='lat' dir='ltr'>nocturnis</span> <span class='ocrx_word' id='word_1_47' title='bbox 937 1214 1132 1294; x_wconf 88' lang='lat' dir='ltr'>perturbata</span> <span class='ocrx_word' id='word_1_48' title='bbox 1159 1211 1370 1295; x_wconf 80' lang='lat' dir='ltr'>progreditur</span> 
     </span>
     <span class='ocr_line' id='line_1_9' title="bbox 139 1315 768 1404; baseline 0.002 -23"><span class='ocrx_word' id='word_1_49' title='bbox 139 1317 224 1382; x_wconf 87' lang='lat' dir='ltr'>haec</span> <span class='ocrx_word' id='word_1_50' title='bbox 249 1315 375 1382; x_wconf 85' lang='lat' dir='ltr'>faciens</span> <span class='ocrx_word' id='word_1_51' title='bbox 398 1318 502 1383; x_wconf 88' lang='lat' dir='ltr'>verba</span> <span class='ocrx_word' id='word_1_52' title='bbox 524 1316 568 1403; x_wconf 91' lang='lat' dir='ltr'>(v.</span> <span class='ocrx_word' id='word_1_53' title='bbox 587 1316 768 1404; x_wconf 82' lang='lat'>644-47):</span> 
     </span>
    </p>
   </div>
   <div class='ocr_carea' id='block_1_4' title="bbox 135 1428 1368 4500">
    <p class='ocr_par' dir='ltr' id='par_1_6' title="bbox 355 1428 1124 1738">
     <span class='ocr_line' id='line_1_10' title="bbox 356 1428 1064 1522; baseline 0.007 -26"><span class='ocrx_word' id='word_1_54' title='bbox 356 1428 377 1496; x_wconf 78' lang='grc' dir='ltr'>δι’</span> <span class='ocrx_word' id='word_1_55' title='bbox 400 1429 462 1521; x_wconf 79' lang='grc' dir='ltr'>γὰρ</span> <span class='ocrx_word' id='word_1_56' title='bbox 485 1434 664 1520; x_wconf 80' lang='grc' dir='ltr'><strong><em>προσεῖδον</em></strong></span> <span class='ocrx_word' id='word_1_57' title='bbox 688 1433 779 1500; x_wconf 85' lang='grc' dir='ltr'><strong><em>νυκτὶ</em></strong></span> <span class='ocrx_word' id='word_1_58' title='bbox 801 1435 880 1521; x_wconf 78' lang='grc' dir='ltr'><strong><em>τῇδε</em></strong></span> <span class='ocrx_word' id='word_1_59' title='bbox 902 1429 1064 1522; x_wconf 82' lang='grc' dir='ltr'><em>φάσματα</em></span> 
     </span>
     <span class='ocr_line' id='line_1_11' title="bbox 356 1536 1124 1629; baseline 0.003 -23"><span class='ocrx_word' id='word_1_60' title='bbox 356 1541 479 1606; x_wconf 80' lang='grc' dir='ltr'><strong><em>δισσῶν</em></strong></span> <span class='ocrx_word' id='word_1_61' title='bbox 503 1536 648 1629; x_wconf 84' lang='grc' dir='ltr'><strong><em>ὀνείρων,</em></strong></span> <span class='ocrx_word' id='word_1_62' title='bbox 672 1537 776 1606; x_wconf 83' lang='grc' dir='ltr'><strong><em>ταῦτά</em></strong></span> <span class='ocrx_word' id='word_1_63' title='bbox 800 1563 868 1624; x_wconf 81' lang='grc' dir='ltr'><strong><em>μοι,</em></strong></span> <span class='ocrx_word' id='word_1_64' title='bbox 893 1539 1008 1608; x_wconf 80' lang='grc' dir='ltr'><em>Λύκει’</em></span> <span class='ocrx_word' id='word_1_65' title='bbox 1030 1538 1124 1626; x_wconf 80' lang='grc' dir='ltr'><strong><em>ἄναξ,</em></strong></span> 
     </span>
     <span class='ocr_line' id='line_1_12' title="bbox 355 1645 1081 1738; baseline 0.006 -26"><span class='ocrx_word' id='word_1_66' title='bbox 355 1645 386 1712; x_wconf 83' lang='grc' dir='ltr'><strong><em>εἰ</em></strong></span> <span class='ocrx_word' id='word_1_67' title='bbox 410 1645 471 1730; x_wconf 86' lang='grc' dir='ltr'>μέν</span> <span class='ocrx_word' id='word_1_68' title='bbox 493 1645 641 1736; x_wconf 78' lang='grc' dir='ltr'><strong><em>πέφηνεν</em></strong></span> <span class='ocrx_word' id='word_1_69' title='bbox 664 1645 782 1726; x_wconf 78' lang='grc' dir='ltr'><strong><em>ἐσθλά,</em></strong></span> <span class='ocrx_word' id='word_1_70' title='bbox 806 1646 863 1725; x_wconf 88' lang='grc' dir='ltr'>δός</span> <span class='ocrx_word' id='word_1_71' title='bbox 885 1646 1081 1738; x_wconf 78' lang='grc' dir='ltr'><strong><em>τελεσφόρα,</em></strong></span> 
     </span>
    </p>

    <p class='ocr_par' dir='ltr' id='par_1_7' title="bbox 304 1751 1170 1844">
     <span class='ocr_line' id='line_1_13' title="bbox 304 1751 1170 1844; baseline 0.005 -24"><span class='ocrx_word' id='word_1_72' title='bbox 304 1769 305 1774; x_wconf 77' lang='grc'>’</span> <span class='ocrx_word' id='word_1_73' title='bbox 355 1752 386 1820; x_wconf 82' lang='grc' dir='ltr'><strong><em>εἰ</em></strong></span> <span class='ocrx_word' id='word_1_74' title='bbox 408 1751 438 1822; x_wconf 84' lang='grc' dir='ltr'>δ’</span> <span class='ocrx_word' id='word_1_75' title='bbox 458 1751 576 1843; x_wconf 74' lang='grc' dir='ltr'><strong><em>ἐχθρά,</em></strong></span> <span class='ocrx_word' id='word_1_76' title='bbox 600 1760 671 1832; x_wconf 87' lang='grc' dir='ltr'><strong><em>τοῖς</em></strong></span> <span class='ocrx_word' id='word_1_77' title='bbox 694 1753 867 1844; x_wconf 72' lang='grc' dir='ltr'><strong><em>ἐχθροῖσιν</em></strong></span> <span class='ocrx_word' id='word_1_78' title='bbox 890 1753 1034 1841; x_wconf 83' lang='grc' dir='ltr'><strong><em>ε”μπαλιν</em></strong></span> <span class='ocrx_word' id='word_1_79' title='bbox 1056 1753 1170 1841; x_wconf 73' lang='grc' dir='ltr'><strong><em>μέθες.</em></strong></span> 
     </span>
    </p>

    <p class='ocr_par' dir='ltr' id='par_1_8' title="bbox 136 1871 1368 2281">
     <span class='ocr_line' id='line_1_14' title="bbox 232 1871 1368 1957; baseline 0.004 -21"><span class='ocrx_word' id='word_1_80' title='bbox 232 1871 339 1952; x_wconf 85' lang='lat' dir='ltr'>Atque</span> <span class='ocrx_word' id='word_1_81' title='bbox 356 1871 413 1937; x_wconf 84' lang='lat' dir='ltr'>vix</span> <span class='ocrx_word' id='word_1_82' title='bbox 429 1872 669 1956; x_wconf 79' lang='lat' dir='ltr'>Clytaemestra</span> <span class='ocrx_word' id='word_1_83' title='bbox 684 1873 907 1956; x_wconf 88' lang='lat' dir='ltr'>precationem</span> <span class='ocrx_word' id='word_1_84' title='bbox 923 1873 1043 1956; x_wconf 89' lang='lat' dir='ltr'>finivit,</span> <span class='ocrx_word' id='word_1_85' title='bbox 1068 1892 1141 1940; x_wconf 90' lang='lat' dir='ltr'>cum</span> <span class='ocrx_word' id='word_1_86' title='bbox 1156 1875 1368 1957; x_wconf 81' lang='lat' dir='ltr'>paedagogus</span> 
     </span>
     <span class='ocr_line' id='line_1_15' title="bbox 136 1978 1364 2065; baseline 0.002 -22"><span class='ocrx_word' id='word_1_87' title='bbox 136 1979 245 2044; x_wconf 85' lang='lat' dir='ltr'>redux</span> <span class='ocrx_word' id='word_1_88' title='bbox 270 1978 378 2045; x_wconf 86' lang='lat' dir='ltr'>factus</span> <span class='ocrx_word' id='word_1_89' title='bbox 394 1979 543 2045; x_wconf 91' lang='lat' dir='ltr'>Orestem</span> <span class='ocrx_word' id='word_1_90' title='bbox 567 1980 633 2045; x_wconf 92' lang='lat' dir='ltr'>iam</span> <span class='ocrx_word' id='word_1_91' title='bbox 653 1981 780 2063; x_wconf 87' lang='lat' dir='ltr'>pridem</span> <span class='ocrx_word' id='word_1_92' title='bbox 797 1986 958 2046; x_wconf 89' lang='lat' dir='ltr'>mortuum</span> <span class='ocrx_word' id='word_1_93' title='bbox 983 2000 1054 2047; x_wconf 89' lang='lat' dir='ltr'>esse</span> <span class='ocrx_word' id='word_1_94' title='bbox 1071 1981 1214 2047; x_wconf 90' lang='lat' dir='ltr'>simulat.</span> <span class='ocrx_word' id='word_1_95' title='bbox 1252 1982 1364 2065; x_wconf 83' lang='lat' dir='ltr'>Quem,</span> 
     </span>
     <span class='ocr_line' id='line_1_16' title="bbox 137 2086 1368 2171; baseline 0.003 -21"><span class='ocrx_word' id='word_1_96' title='bbox 137 2090 316 2168; x_wconf 88' lang='lat' dir='ltr'>postquam</span> <span class='ocrx_word' id='word_1_97' title='bbox 341 2105 361 2151; x_wconf 90' lang='lat' dir='ltr'>a</span> <span class='ocrx_word' id='word_1_98' title='bbox 384 2086 489 2168; x_wconf 89' lang='lat' dir='ltr'>patris</span> <span class='ocrx_word' id='word_1_99' title='bbox 514 2087 664 2169; x_wconf 88' lang='lat' dir='ltr'>sepulcro</span> <span class='ocrx_word' id='word_1_100' title='bbox 688 2087 788 2153; x_wconf 91' lang='lat' dir='ltr'>rediit</span> <span class='ocrx_word' id='word_1_101' title='bbox 811 2094 909 2168; x_wconf 88' lang='lat' dir='ltr'>atque</span> <span class='ocrx_word' id='word_1_102' title='bbox 933 2107 968 2154; x_wconf 89' lang='lat' dir='ltr'>sc</span> <span class='ocrx_word' id='word_1_103' title='bbox 990 2089 1098 2171; x_wconf 88' lang='lat' dir='ltr'>ipsum</span> <span class='ocrx_word' id='word_1_104' title='bbox 1123 2088 1272 2154; x_wconf 89' lang='lat' dir='ltr'>Orestem</span> <span class='ocrx_word' id='word_1_105' title='bbox 1297 2107 1368 2154; x_wconf 87' lang='lat' dir='ltr'>esse</span> 
     </span>
     <span class='ocr_line' id='line_1_17' title="bbox 137 2192 1262 2281; baseline 0.004 -25"><span class='ocrx_word' id='word_1_106' title='bbox 137 2192 313 2274; x_wconf 89' lang='lat' dir='ltr'>professus</span> <span class='ocrx_word' id='word_1_107' title='bbox 338 2198 397 2276; x_wconf 89' lang='lat' dir='ltr'>est,</span> <span class='ocrx_word' id='word_1_108' title='bbox 421 2192 558 2260; x_wconf 79' lang='lat' dir='ltr'>Electra</span> <span class='ocrx_word' id='word_1_109' title='bbox 582 2193 634 2260; x_wconf 91' lang='lat' dir='ltr'>his</span> <span class='ocrx_word' id='word_1_110' title='bbox 658 2194 837 2274; x_wconf 87' lang='lat' dir='ltr'>alloquitur</span> <span class='ocrx_word' id='word_1_111' title='bbox 860 2195 972 2261; x_wconf 89' lang='lat' dir='ltr'>verbis</span> <span class='ocrx_word' id='word_1_112' title='bbox 996 2193 1262 2281; x_wconf 79' lang='lat' dir='ltr'>(v.1362-63):</span> 
     </span>
    </p>

    <p class='ocr_par' dir='ltr' id='par_1_9' title="bbox 355 2315 1056 2407">
     <span class='ocr_line' id='line_1_18' title="bbox 355 2315 1056 2407; baseline 0.003 -25"><span class='ocrx_word' id='word_1_113' title='bbox 355 2318 432 2384; x_wconf 68' lang='lat' dir='ltr'>lona</span> <span class='ocrx_word' id='word_1_114' title='bbox 456 2315 486 2384; x_wconf 81' lang='grc' dir='ltr'>δ’</span> <span class='ocrx_word' id='word_1_115' title='bbox 501 2315 546 2394; x_wconf 90' lang='grc' dir='ltr'>ῶς</span> <span class='ocrx_word' id='word_1_116' title='bbox 568 2315 714 2402; x_wconf 80' lang='grc' dir='ltr'><strong><em>μάλιστα</em></strong></span> <span class='ocrx_word' id='word_1_117' title='bbox 738 2315 768 2384; x_wconf 85' lang='grc' dir='ltr'>α’</span> <span class='ocrx_word' id='word_1_118' title='bbox 783 2315 973 2407; x_wconf 68' lang='grc' dir='ltr'><strong><em>ἀνθρώπων</em></strong></span> <span class='ocrx_word' id='word_1_119' title='bbox 995 2316 1056 2404; x_wconf 65' lang='lat' dir='ltr'>ayo)</span> 
     </span>
    </p>

    <p class='ocr_par' dir='ltr' id='par_1_10' title="bbox 356 2421 1366 2622">
     <span class='ocr_line' id='line_1_19' title="bbox 357 2421 1366 2515; baseline 0 -23"><span class='ocrx_word' id='word_1_120' title='bbox 357 2421 512 2514; x_wconf 75' lang='grc' dir='ltr'><strong><em>ἤχθηρα</em></strong></span> <span class='ocrx_word' id='word_1_121' title='bbox 538 2421 723 2514; x_wconf 71' lang='grc' dir='ltr'><strong><em>κιέφλληῶ</em></strong></span> <span class='ocrx_word' id='word_1_122' title='bbox 747 2423 786 2491; x_wconf 85' lang='grc' dir='ltr'>ἑν</span> <span class='ocrx_word' id='word_1_123' title='bbox 815 2423 939 2515; x_wconf 80' lang='grc' dir='ltr'><strong><em>ἡμέρη</em></strong></span> <span class='ocrx_word' id='word_1_124' title='bbox 961 2430 1046 2514; x_wconf 81' lang='grc' dir='ltr'><strong><em>μιᾷ;</em></strong></span> <span class='ocrx_word' id='word_1_125' title='bbox 1090 2433 1123 2493; x_wconf 84' lang='lat' dir='ltr'>et</span> <span class='ocrx_word' id='word_1_126' title='bbox 1146 2427 1366 2494; x_wconf 82' lang='lat' dir='ltr'>v.1314-15:</span> 
     </span>
     <span class='ocr_line' id='line_1_20' title="bbox 356 2529 1024 2622; baseline 0.003 -24"><span class='ocrx_word' id='word_1_127' title='bbox 356 2530 440 2620; x_wconf 80' lang='grc' dir='ltr'><strong><em>ἥτις</em></strong></span> <span class='ocrx_word' id='word_1_128' title='bbox 463 2535 534 2620; x_wconf 83' lang='grc' dir='ltr'>μιᾷ</span> <span class='ocrx_word' id='word_1_129' title='bbox 559 2555 599 2599; x_wconf 87' lang='grc' dir='ltr'><strong><em>σε</em></strong></span> <span class='ocrx_word' id='word_1_130' title='bbox 622 2531 701 2620; x_wconf 76' lang='grc' dir='ltr'><strong><em>τῇδ’</em></strong></span> <span class='ocrx_word' id='word_1_131' title='bbox 718 2529 883 2600; x_wconf 72' lang='grc' dir='ltr'><strong><em>ι’λωλόδ’</em></strong></span> <span class='ocrx_word' id='word_1_132' title='bbox 900 2531 1024 2622; x_wconf 79' lang='grc' dir='ltr'><strong><em>ἡμέρᾳ</em></strong></span> 
     </span>
    </p>

    <p class='ocr_par' dir='ltr' id='par_1_11' title="bbox 354 2637 736 2722">
     <span class='ocr_line' id='line_1_21' title="bbox 354 2637 736 2722; baseline 0.003 -16"><span class='ocrx_word' id='word_1_133' title='bbox 354 2641 419 2707; x_wconf 82' lang='grc' dir='ltr'>καὶ</span> <span class='ocrx_word' id='word_1_134' title='bbox 443 2637 549 2722; x_wconf 77' lang='grc' dir='ltr'><strong><em>ζῶντ’</em></strong></span> <span class='ocrx_word' id='word_1_135' title='bbox 573 2639 736 2708; x_wconf 78' lang='grc' dir='ltr'><strong><em>ἐσεῖδον.</em></strong></span> 
     </span>
    </p>

    <p class='ocr_par' dir='ltr' id='par_1_12' title="bbox 135 2765 1366 3063">
     <span class='ocr_line' id='line_1_22' title="bbox 229 2765 1366 2849; baseline 0.004 -19"><span class='ocrx_word' id='word_1_136' title='bbox 229 2765 339 2846; x_wconf 85' lang='lat' dir='ltr'>Atque</span> <span class='ocrx_word' id='word_1_137' title='bbox 354 2766 454 2832; x_wconf 89' lang='lat' dir='ltr'>etiam</span> <span class='ocrx_word' id='word_1_138' title='bbox 477 2765 638 2846; x_wconf 89' lang='lat' dir='ltr'>reliquam</span> <span class='ocrx_word' id='word_1_139' title='bbox 659 2765 793 2832; x_wconf 81' lang='lat' dir='ltr'>fabulae</span> <span class='ocrx_word' id='word_1_140' title='bbox 808 2772 934 2849; x_wconf 86' lang='lat' dir='ltr'>partem</span> <span class='ocrx_word' id='word_1_141' title='bbox 951 2785 1146 2848; x_wconf 87' lang='lat' dir='ltr'>quamquam</span> <span class='ocrx_word' id='word_1_142' title='bbox 1170 2767 1239 2833; x_wconf 93' lang='lat' dir='ltr'>ide</span> <span class='ocrx_word' id='word_1_143' title='bbox 1255 2768 1366 2834; x_wconf 89' lang='lat' dir='ltr'>verbis</span> 
     </span>
     <span class='ocr_line' id='line_1_23' title="bbox 135 2873 1366 2957; baseline 0.001 -19"><span class='ocrx_word' id='word_1_144' title='bbox 135 2873 222 2955; x_wconf 91' lang='lat' dir='ltr'>ipsis</span> <span class='ocrx_word' id='word_1_145' title='bbox 253 2873 369 2957; x_wconf 79' lang='lat' dir='ltr'>colligi</span> <span class='ocrx_word' id='word_1_146' title='bbox 403 2893 468 2940; x_wconf 95' lang='lat' dir='ltr'>non</span> <span class='ocrx_word' id='word_1_147' title='bbox 498 2879 620 2956; x_wconf 89' lang='lat' dir='ltr'>potest,</span> <span class='ocrx_word' id='word_1_148' title='bbox 657 2880 767 2940; x_wconf 91' lang='lat' dir='ltr'>tamen</span> <span class='ocrx_word' id='word_1_149' title='bbox 798 2875 910 2940; x_wconf 92' lang='lat' dir='ltr'>eodem</span> <span class='ocrx_word' id='word_1_150' title='bbox 940 2875 993 2940; x_wconf 92' lang='lat' dir='ltr'>die</span> <span class='ocrx_word' id='word_1_151' title='bbox 1026 2876 1069 2941; x_wconf 90' lang='lat' dir='ltr'>ad</span> <span class='ocrx_word' id='word_1_152' title='bbox 1101 2875 1198 2940; x_wconf 89' lang='lat' dir='ltr'>finem</span> <span class='ocrx_word' id='word_1_153' title='bbox 1230 2875 1366 2956; x_wconf 90' lang='lat' dir='ltr'>perduci</span> 
     </span>
     <span class='ocr_line' id='line_1_24' title="bbox 135 2981 402 3063; baseline 0.004 -17"><span class='ocrx_word' id='word_1_154' title='bbox 135 3000 232 3047; x_wconf 94' lang='lat' dir='ltr'>nemo</span> <span class='ocrx_word' id='word_1_155' title='bbox 258 2981 402 3063; x_wconf 84' lang='lat' dir='ltr'>negabit.</span> 
     </span>
    </p>

    <p class='ocr_par' dir='ltr' id='par_1_13' title="bbox 135 3087 1366 3606">
     <span class='ocr_line' id='line_1_25' title="bbox 228 3087 1365 3171; baseline 0.003 -18"><span class='ocrx_word' id='word_1_156' title='bbox 228 3087 341 3168; x_wconf 84' lang='lat' dir='ltr'>Neque</span> <span class='ocrx_word' id='word_1_157' title='bbox 372 3089 505 3155; x_wconf 92' lang='lat' dir='ltr'>dubium</span> <span class='ocrx_word' id='word_1_158' title='bbox 534 3095 584 3156; x_wconf 90' lang='lat' dir='ltr'>est</span> <span class='ocrx_word' id='word_1_159' title='bbox 616 3089 695 3170; x_wconf 91' lang='lat' dir='ltr'>quin</span> <span class='ocrx_word' id='word_1_160' title='bbox 717 3089 945 3156; x_wconf 90' lang='lat' dir='ltr'>Philocteta</span> <span class='ocrx_word' id='word_1_161' title='bbox 974 3093 1015 3155; x_wconf 87' lang='lat' dir='ltr'>ab</span> <span class='ocrx_word' id='word_1_162' title='bbox 1039 3089 1139 3157; x_wconf 86' lang='lat' dir='ltr'>Ulixe</span> <span class='ocrx_word' id='word_1_163' title='bbox 1167 3095 1200 3155; x_wconf 89' lang='lat' dir='ltr'>et</span> <span class='ocrx_word' id='word_1_164' title='bbox 1222 3089 1365 3171; x_wconf 89' lang='lat' dir='ltr'>Neopto-</span> 
     </span>
     <span class='ocr_line' id='line_1_26' title="bbox 135 3195 1365 3279; baseline -0.002 -16"><span class='ocrx_word' id='word_1_165' title='bbox 135 3197 222 3263; x_wconf 91' lang='lat' dir='ltr'>lemo</span> <span class='ocrx_word' id='word_1_166' title='bbox 241 3196 353 3262; x_wconf 89' lang='lat' dir='ltr'>eodem</span> <span class='ocrx_word' id='word_1_167' title='bbox 370 3195 423 3262; x_wconf 90' lang='lat' dir='ltr'>dic</span> <span class='ocrx_word' id='word_1_168' title='bbox 439 3195 572 3262; x_wconf 79' lang='lat' dir='ltr'>Troiam</span> <span class='ocrx_word' id='word_1_169' title='bbox 596 3198 788 3279; x_wconf 89' lang='lat' dir='ltr'>abducatur,</span> <span class='ocrx_word' id='word_1_170' title='bbox 814 3216 876 3278; x_wconf 91' lang='lat' dir='ltr'>quo</span> <span class='ocrx_word' id='word_1_171' title='bbox 901 3196 953 3262; x_wconf 93' lang='lat' dir='ltr'>illi</span> <span class='ocrx_word' id='word_1_172' title='bbox 968 3197 1126 3263; x_wconf 91' lang='lat' dir='ltr'>Lemnum</span> <span class='ocrx_word' id='word_1_173' title='bbox 1148 3198 1365 3278; x_wconf 89' lang='lat' dir='ltr'>advenerunt;</span> 
     </span>
     <span class='ocr_line' id='line_1_27' title="bbox 135 3301 1365 3388; baseline 0 -19"><span class='ocrx_word' id='word_1_174' title='bbox 135 3304 172 3370; x_wconf 93' lang='lat' dir='ltr'>id</span> <span class='ocrx_word' id='word_1_175' title='bbox 196 3301 283 3369; x_wconf 89' lang='lat' dir='ltr'>enim</span> <span class='ocrx_word' id='word_1_176' title='bbox 307 3303 384 3369; x_wconf 92' lang='lat' dir='ltr'>inde</span> <span class='ocrx_word' id='word_1_177' title='bbox 406 3303 548 3370; x_wconf 85' lang='lat' dir='ltr'>maxime</span> <span class='ocrx_word' id='word_1_178' title='bbox 572 3304 779 3387; x_wconf 91' lang='lat' dir='ltr'>perspicuum</span> <span class='ocrx_word' id='word_1_179' title='bbox 804 3310 862 3388; x_wconf 89' lang='lat' dir='ltr'>est,</span> <span class='ocrx_word' id='word_1_180' title='bbox 888 3306 973 3386; x_wconf 93' lang='lat' dir='ltr'>quod</span> <span class='ocrx_word' id='word_1_181' title='bbox 993 3303 1120 3386; x_wconf 83' lang='lat' dir='ltr'>Ulixes,</span> <span class='ocrx_word' id='word_1_182' title='bbox 1145 3303 1202 3370; x_wconf 89' lang='lat' dir='ltr'>ubi</span> <span class='ocrx_word' id='word_1_183' title='bbox 1225 3303 1365 3385; x_wconf 90' lang='lat' dir='ltr'>primum</span> 
     </span>
     <span class='ocr_line' id='line_1_28' title="bbox 137 3409 1366 3495; baseline 0 -18"><span class='ocrx_word' id='word_1_184' title='bbox 137 3411 181 3477; x_wconf 90' lang='lat' dir='ltr'>ad</span> <span class='ocrx_word' id='word_1_185' title='bbox 205 3409 349 3476; x_wconf 88' lang='lat' dir='ltr'>insulam</span> <span class='ocrx_word' id='word_1_186' title='bbox 377 3430 494 3478; x_wconf 88' lang='lat' dir='ltr'>navem</span> <span class='ocrx_word' id='word_1_187' title='bbox 522 3412 732 3494; x_wconf 91' lang='lat' dir='ltr'>appulerunt,</span> <span class='ocrx_word' id='word_1_188' title='bbox 762 3412 975 3495; x_wconf 89' lang='lat' dir='ltr'>Neoptolemo</span> <span class='ocrx_word' id='word_1_189' title='bbox 1003 3417 1040 3478; x_wconf 91' lang='lat' dir='ltr'>ut</span> <span class='ocrx_word' id='word_1_190' title='bbox 1062 3411 1205 3478; x_wconf 88' lang='lat' dir='ltr'>consilia</span> <span class='ocrx_word' id='word_1_191' title='bbox 1233 3430 1293 3478; x_wconf 89' lang='lat' dir='ltr'>sua</span> <span class='ocrx_word' id='word_1_192' title='bbox 1316 3429 1366 3477; x_wconf 89' lang='lat' dir='ltr'>se-</span> 
     </span>
     <span class='ocr_line' id='line_1_29' title="bbox 137 3517 1078 3606; baseline -0.001 -22"><span class='ocrx_word' id='word_1_193' title='bbox 137 3525 269 3600; x_wconf 89' lang='lat' dir='ltr'>quatur,</span> <span class='ocrx_word' id='word_1_194' title='bbox 294 3517 346 3584; x_wconf 92' lang='lat' dir='ltr'>his</span> <span class='ocrx_word' id='word_1_195' title='bbox 369 3518 480 3586; x_wconf 86' lang='lat' dir='ltr'>verbis</span> <span class='ocrx_word' id='word_1_196' title='bbox 503 3520 701 3601; x_wconf 89' lang='lat' dir='ltr'>persuadere</span> <span class='ocrx_word' id='word_1_197' title='bbox 725 3525 862 3586; x_wconf 89' lang='lat' dir='ltr'>conatur</span> <span class='ocrx_word' id='word_1_198' title='bbox 886 3518 928 3606; x_wconf 91' lang='lat' dir='ltr'>(v.</span> <span class='ocrx_word' id='word_1_199' title='bbox 946 3519 989 3585; x_wconf 88' lang='lat'>83</span> <span class='ocrx_word' id='word_1_200' title='bbox 1001 3518 1078 3605; x_wconf 84' lang='lat' dir='ltr'>sq.):</span> 
     </span>
    </p>

    <p class='ocr_par' dir='ltr' id='par_1_14' title="bbox 352 3631 1188 3940">
     <span class='ocr_line' id='line_1_30' title="bbox 354 3631 1188 3724; baseline 0.001 -24"><span class='ocrx_word' id='word_1_201' title='bbox 354 3638 412 3700; x_wconf 86' lang='grc' dir='ltr'>νῦν</span> <span class='ocrx_word' id='word_1_202' title='bbox 434 3631 463 3702; x_wconf 79' lang='grc' dir='ltr'>δ’</span> <span class='ocrx_word' id='word_1_203' title='bbox 486 3632 544 3712; x_wconf 85' lang='grc' dir='ltr'><strong><em>εἰς</em></strong></span> <span class='ocrx_word' id='word_1_204' title='bbox 566 3631 728 3712; x_wconf 76' lang='grc' dir='ltr'><strong><em>ἀναιδές</em></strong></span> <span class='ocrx_word' id='word_1_205' title='bbox 751 3632 898 3724; x_wconf 76' lang='grc' dir='ltr'><strong><em>ἡμέρας</em></strong></span> <span class='ocrx_word' id='word_1_206' title='bbox 921 3633 1040 3724; x_wconf 85' lang='grc' dir='ltr'><strong><em>μέρος</em></strong></span> <span class='ocrx_word' id='word_1_207' title='bbox 1062 3632 1188 3723; x_wconf 76' lang='grc' dir='ltr'><strong><em>βραχὺ</em></strong></span> 
     </span>
     <span class='ocr_line' id='line_1_31' title="bbox 355 3733 1180 3832; baseline 0 -24"><span class='ocrx_word' id='word_1_208' title='bbox 355 3739 421 3819; x_wconf 70' lang='grc' dir='ltr'>δίς</span> <span class='ocrx_word' id='word_1_209' title='bbox 443 3765 510 3826; x_wconf 93' lang='grc' dir='ltr'>μοι</span> <span class='ocrx_word' id='word_1_210' title='bbox 535 3739 714 3822; x_wconf 85' lang='grc' dir='ltr'><strong><em>σεαυτόν,</em></strong></span> <span class='ocrx_word' id='word_1_211' title='bbox 737 3733 820 3830; x_wconf 80' lang='grc' dir='ltr'>κᾷτα</span> <span class='ocrx_word' id='word_1_212' title='bbox 843 3738 900 3809; x_wconf 86' lang='grc' dir='ltr'>τὸν</span> <span class='ocrx_word' id='word_1_213' title='bbox 923 3740 1040 3809; x_wconf 87' lang='grc' dir='ltr'><strong><em>λοιπὸν</em></strong></span> <span class='ocrx_word' id='word_1_214' title='bbox 1063 3739 1180 3832; x_wconf 86' lang='grc' dir='ltr'><strong><em>χρόνον</em></strong></span> 
     </span>
     <span class='ocr_line' id='line_1_32' title="bbox 352 3847 1062 3940; baseline 0.003 -25"><span class='ocrx_word' id='word_1_215' title='bbox 352 3847 488 3938; x_wconf 83' lang='grc' dir='ltr'><strong><em>κέκλητο</em></strong></span> <span class='ocrx_word' id='word_1_216' title='bbox 511 3847 644 3916; x_wconf 88' lang='grc' dir='ltr'><strong><em>πάντων</em></strong></span> <span class='ocrx_word' id='word_1_217' title='bbox 667 3847 902 3936; x_wconf 76' lang='grc' dir='ltr'><strong><em>εὐσεβέστατος</em></strong></span> <span class='ocrx_word' id='word_1_218' title='bbox 924 3852 1062 3940; x_wconf 77' lang='grc' dir='ltr'><strong><em>βροτῶν.</em></strong></span> 
     </span>
    </p>

    <p class='ocr_par' dir='ltr' id='par_1_15' title="bbox 230 3965 1365 4054">
     <span class='ocr_line' id='line_1_33' title="bbox 230 3965 1365 4054; baseline -0.003 -20"><span class='ocrx_word' id='word_1_219' title='bbox 230 3967 339 4048; x_wconf 88' lang='lat' dir='ltr'>Atque</span> <span class='ocrx_word' id='word_1_220' title='bbox 360 3966 476 4034; x_wconf 84' lang='lat' dir='ltr'>fabula</span> <span class='ocrx_word' id='word_1_221' title='bbox 499 3973 637 4034; x_wconf 84' lang='lat' dir='ltr'>exeunte</span> <span class='ocrx_word' id='word_1_222' title='bbox 653 3967 813 4035; x_wconf 89' lang='lat' dir='ltr'>Hercules</span> <span class='ocrx_word' id='word_1_223' title='bbox 837 3968 913 4034; x_wconf 91' lang='lat' dir='ltr'>illos</span> <span class='ocrx_word' id='word_1_224' title='bbox 928 3969 1080 4034; x_wconf 87' lang='lat' dir='ltr'>hortatur</span> <span class='ocrx_word' id='word_1_225' title='bbox 1104 3965 1365 4054; x_wconf 78' lang='lat' dir='ltr'>(v.1449-51):</span> 
     </span>
    </p>

    <p class='ocr_par' dir='ltr' id='par_1_16' title="bbox 230 4081 1366 4500">
     <span class='ocr_line' id='line_1_34' title="bbox 353 4081 991 4174; baseline -0.002 -24"><span class='ocrx_word' id='word_1_226' title='bbox 353 4081 400 4170; x_wconf 86' lang='grc' dir='ltr'>μή</span> <span class='ocrx_word' id='word_1_227' title='bbox 423 4109 481 4150; x_wconf 88' lang='grc' dir='ltr'>ννν</span> <span class='ocrx_word' id='word_1_228' title='bbox 503 4082 632 4172; x_wconf 87' lang='grc' dir='ltr'><strong><em>χρόνιοι</em></strong></span> <span class='ocrx_word' id='word_1_229' title='bbox 655 4082 790 4168; x_wconf 86' lang='grc' dir='ltr'><strong><em>μέλλετε</em></strong></span> <span class='ocrx_word' id='word_1_230' title='bbox 813 4081 991 4174; x_wconf 86' lang='grc' dir='ltr'><strong><em>πράσσειν·</em></strong></span> 
     </span>
     <span class='ocr_line' id='line_1_35' title="bbox 354 4188 673 4281; baseline 0.006 -25"><span class='ocrx_word' id='word_1_231' title='bbox 354 4188 469 4281; x_wconf 74' lang='grc' dir='ltr'><strong><em>καιρὸς</em></strong></span> <span class='ocrx_word' id='word_1_232' title='bbox 491 4191 546 4259; x_wconf 83' lang='grc' dir='ltr'>καὶ</span> <span class='ocrx_word' id='word_1_233' title='bbox 569 4192 673 4268; x_wconf 83' lang='grc' dir='ltr'><strong><em>πλοῦς</em></strong></span> 
     </span>
     <span class='ocr_line' id='line_1_36' title="bbox 355 4296 927 4389; baseline 0.005 -25"><span class='ocrx_word' id='word_1_234' title='bbox 355 4296 404 4367; x_wconf 83' lang='grc' dir='ltr'>ὅδ’</span> <span class='ocrx_word' id='word_1_235' title='bbox 427 4296 550 4384; x_wconf 77' lang='grc' dir='ltr'><strong><em>ἐπείγει</em></strong></span> <span class='ocrx_word' id='word_1_236' title='bbox 573 4296 635 4388; x_wconf 78' lang='grc' dir='ltr'>γὰρ</span> <span class='ocrx_word' id='word_1_237' title='bbox 658 4296 741 4366; x_wconf 83' lang='grc' dir='ltr'><strong><em>κατὰ</em></strong></span> <span class='ocrx_word' id='word_1_238' title='bbox 764 4297 927 4389; x_wconf 81' lang='grc' dir='ltr'><strong><em>πρύμνην.</em></strong></span> 
     </span>
     <span class='ocr_line' id='line_1_37' title="bbox 230 4415 1366 4500; baseline 0 -18"><span class='ocrx_word' id='word_1_239' title='bbox 230 4415 430 4500; x_wconf 81' lang='lat' dir='ltr'>Quibuscum</span> <span class='ocrx_word' id='word_1_240' title='bbox 470 4416 595 4484; x_wconf 86' lang='lat' dir='ltr'>fabulis</span> <span class='ocrx_word' id='word_1_241' title='bbox 634 4417 797 4484; x_wconf 88' lang='lat' dir='ltr'>consentit</span> <span class='ocrx_word' id='word_1_242' title='bbox 836 4415 1009 4500; x_wconf 88' lang='lat' dir='ltr'>Oedipus</span> <span class='ocrx_word' id='word_1_243' title='bbox 1042 4416 1250 4498; x_wconf 82' lang='lat' dir='ltr'>Coloneus;</span> <span class='ocrx_word' id='word_1_244' title='bbox 1293 4435 1366 4482; x_wconf 91' lang='lat' dir='ltr'>cum</span> 
     </span>
    </p>
   </div>
   <div class='ocr_carea' id='block_1_5' title="bbox 140 4523 1366 4716">
    <p class='ocr_par' dir='ltr' id='par_1_17' title="bbox 140 4523 1366 4716">
     <span class='ocr_line' id='line_1_38' title="bbox 141 4523 1366 4607; baseline 0 -17"><span class='ocrx_word' id='word_1_245' title='bbox 141 4525 227 4591; x_wconf 90' lang='lat' dir='ltr'>enim</span> <span class='ocrx_word' id='word_1_246' title='bbox 261 4523 380 4606; x_wconf 90' lang='lat' dir='ltr'>Apollo</span> <span class='ocrx_word' id='word_1_247' title='bbox 414 4524 615 4591; x_wconf 87' lang='lat' dir='ltr'>vaticinatus</span> <span class='ocrx_word' id='word_1_248' title='bbox 648 4530 735 4590; x_wconf 90' lang='lat' dir='ltr'>esset</span> <span class='ocrx_word' id='word_1_249' title='bbox 767 4525 928 4607; x_wconf 92' lang='lat' dir='ltr'>Oedipum</span> <span class='ocrx_word' id='word_1_250' title='bbox 961 4524 1159 4605; x_wconf 86' lang='lat' dir='ltr'>simulatque</span> <span class='ocrx_word' id='word_1_251' title='bbox 1191 4523 1226 4589; x_wconf 89' lang='lat' dir='ltr'>&#39;m</span> <span class='ocrx_word' id='word_1_252' title='bbox 1257 4523 1366 4590; x_wconf 90' lang='lat' dir='ltr'>lucum</span> 
     </span>
     <span class='ocr_line' id='line_1_39' title="bbox 140 4631 1365 4716; baseline -0.001 -19"><span class='ocrx_word' id='word_1_253' title='bbox 140 4631 358 4698; x_wconf 83' lang='lat' dir='ltr'>Eumenidum</span> <span class='ocrx_word' id='word_1_254' title='bbox 380 4632 594 4716; x_wconf 84' lang='lat' dir='ltr'>pervenisset,</span> <span class='ocrx_word' id='word_1_255' title='bbox 620 4633 659 4698; x_wconf 89' lang='lat' dir='ltr'>de</span> <span class='ocrx_word' id='word_1_256' title='bbox 680 4632 752 4700; x_wconf 88' lang='lat' dir='ltr'>vita</span> <span class='ocrx_word' id='word_1_257' title='bbox 776 4651 847 4699; x_wconf 88' lang='lat' dir='ltr'>esse</span> <span class='ocrx_word' id='word_1_258' title='bbox 872 4633 1088 4716; x_wconf 88' lang='lat' dir='ltr'>decessurum,</span> <span class='ocrx_word' id='word_1_259' title='bbox 1113 4636 1365 4698; x_wconf 87' lang='lat' dir='ltr'>consentaneum</span> 
     </span>
    </p>
   </div>
   <div class='ocr_carea' id='block_1_6' title="bbox 0 0 1734 5324">
    <p class='ocr_par' dir='ltr' id='par_1_18' title="bbox 0 0 1734 5324">
     <span class='ocr_line' id='line_1_40' title="bbox 0 0 1734 5324; baseline 0 0"><span class='ocrx_word' id='word_1_260' title='bbox 0 0 1734 5324; x_wconf 95' lang='lat' dir='ltr'> </span> 
     </span>
    </p>
   </div>
  </div>
 </body>
</html>
