3496 5310
779 423 822 489 41

185 631 310 702 Aolroti‘
333 643 362 702 et
384 632 482 704 ‘omis
508 631 638 704 Oronti.
675 639 731 704 sod
752 645 871 717 nostro,
896 640 1006 720 inquit,
1033 644 1122 705 oetas
1144 639 1178 703 in
1201 645 1297 704 totam
1320 639 1416 706 istam

182 744 419 810 declinationem
452 743 592 811 abolevit.
647 745 785 812 Achillis
816 747 897 811 onim
927 747 1035 828 potius
1066 753 1094 812 et
1125 745 1275 813 Haculis
1306 753 1334 813 et
1365 746 1416 812 iris

177 853 281 936 pario
298 874 358 934 per
380 874 398 918 s
420 847 576 918 dicimus'.
615 847 728 919 Oronti
747 859 855 919 autem
880 854 1057 936 genetivus
1080 858 1194 920 exstet
1217 853 1250 918 in
1268 851 1416 920 Aeneide

182 959 202 1026 I
226 959 305 1044 220,
340 954 475 1026 Oronten
507 959 732 1026 accusativum
763 961 829 1026 iam
853 978 955 1042 supra
978 960 1086 1027 attuli.
1134 961 1251 1026 Asiati
1274 979 1310 1027 re
1333 978 1416 1028 vera

183 1065 368 1150 avergilio
391 1064 549 1148 scriptum
573 1085 645 1132 esse
664 1067 751 1133 Plini
775 1067 965 1135 testimonio
990 1073 1116 1134 certum
1140 1067 1187 1148 fit,
1218 1067 1275 1134 sed
1306 1075 1416 1134 utrum

153 1173 214 1266 ,is
246 1174 307 1240 hac
338 1175 379 1240 dc
411 1173 519 1240 forma
548 1180 639 1240 recte
671 1174 893 1257 disputaverit
923 1193 1041 1259 necne,
1074 1176 1107 1242 in
1139 1175 1272 1242 dubium
1303 1175 1416 1243 vocari

182 1287 305 1364 potest.
352 1301 426 1348 nam
450 1281 671 1348 Romanorum
703 1288 834 1366 poetae,
866 1283 944 1364 quia
975 1283 1238 1350 terminationem
1269 1283 1416 1366 genetivi

183 1389 348 1456 Graecam
379 1411 444 1455 -ov
474 1389 639 1456 nominum
678 1408 762 1472 quae
794 1391 828 1456 in
866 1414 929 1467 -ος
966 1391 1134 1472 desinunt,
1168 1391 1200 1456 in
1232 1392 1259 1456 -i
1289 1395 1416 1458 mutare

182 1495 350 1578 solebant,
387 1496 453 1562 illis
483 1515 611 1578 qnoque
642 1497 675 1563 in
707 1496 891 1564 nominibus
926 1517 1060 1580 quorum
1098 1497 1321 1564 nominativus
1351 1521 1417 1585 -ης

182 1603 307 1670 litteris
339 1603 528 1684 finiebatur,
560 1604 737 1688 genetivus
760 1627 842 1689 -oo,
873 1606 1063 1688 genetivum
1094 1605 1166 1688 pari
1191 1605 1284 1670 modo
1308 1605 1417 1687 per-i

183 1711 334 1780 vocalem
358 1712 554 1778 terminasse
578 1712 782 1779 crediderim.

273 1908 345 1976 Iam
381 1927 460 1976 vero
491 1909 640 1976 omnibus
676 1909 860 1976 nominibus
890 1910 1030 1978 Graecis
1066 1930 1148 1994 quoe
1179 1911 1212 1976 in
1243 1917 1416 1993 poetarum

183 2017 416 2099 Romanorum,
441 2035 576 2098 qnorum
600 2017 728 2100 quidem
754 2018 915 2084 rationem
937 2023 1087 2084 tractare
1103 2018 1197 2084 nobis
1215 2019 1416 2101 propositum

183 2131 270 2207 erat,
297 2123 451 2206 operibus
469 2131 614 2210 exstant,
639 2125 753 2192 allatis
770 2125 812 2192 ad
829 2125 1054 2207 quaestionem
1070 2145 1256 2210 pergamus,
1281 2125 1416 2208 quibus·

183 2250 261 2298 nam
277 2230 385 2299 causis
401 2237 519 2314 poetae
536 2239 573 2300 ut
586 2251 748 2316 persaepe
762 2232 901 2300 Graecis
921 2239 1096 2300 uterentur
1114 2233 1415 2318 terminationibus,

182 2339 337 2407 commoti
362 2338 440 2406 sint.

694 2627 832 2730 Caput
859 2627 904 2708 II.

184 2803 362 2906 umbus
387 2805 542 2904 cuneis
569 2807 733 2926 poetae
758 2807 950 2905 Romani
978 2809 1032 2906 ut
1056 2807 1415 2907 terminationes

357 2967 553 3066 Graecas
587 2970 843 3085 servarent
877 2969 1098 3068 commoti
1131 2965 1239 3068 sint.

764 3200 837 3286 es.

275 3325 313 3390 In
340 3326 471 3393 Graeca
500 3325 616 3409 lingua
646 3326 804 3393 nonnulla
834 3328 965 3394 nomina
992 3327 1218 3412 reperiuntur,
1251 3348 1335 3410 qnae
1367 3329 1417 3396 ori

182 3431 340 3515 adaptari
371 3431 491 3498 Latino
530 3433 620 3498 nullo
656 3433 749 3499 modo
779 3433 917 3515 possint.
973 3454 1083 3502 omnes
1116 3435 1221 3519 igitur
1250 3437 1417 3504 Romanos

180 3560 227 3608 ne
256 3539 310 3606 bis
340 3539 524 3606 nominibus
556 3548 742 3624 uterentur,
778 3541 906 3608 cavisse
937 3542 1051 3608 mirum
1081 3562 1146 3609 non
1178 3549 1262 3610 erat.
1315 3553 1349 3610 et
1381 3563 1417 3612 re

181 3667 269 3716 vera
291 3647 423 3714 nomina
447 3647 517 3715 eius
542 3649 627 3730 quod
652 3648 720 3715 dixi
744 3649 875 3732 generis
898 3649 931 3715 in
956 3659 1127 3732 poetarum
1158 3650 1252 3718 libris
1279 3671 1416 3734 perraro

181 3757 408 3825 inveniuntur.
473 3755 508 3821 hi
551 3762 675 3836 autem,
715 3756 780 3823 nisi
818 3758 859 3822 de
895 3775 930 3822 re
970 3758 1189 3841 significanda
1222 3759 1276 3826 vel
1315 3759 1417 3826 nomi·

182 3864 298 3931 nanda
338 3865 517 3945 desperare
555 3864 727 3946 volebant,
777 3863 916 3931 Graecis
958 3865 1143 3933 nominibus
1189 3867 1238 3932 uti
1277 3867 1417 3934 subinde

182 3973 399 4055 cogebantur,
425 3971 541 4053 quibus
566 3971 816 4039 terminationes
841 3972 981 4040 Latinas
1005 3973 1084 4040 dare
1108 3973 1299 4057 nequibant.
1335 3977 1418 4042 haec

183 4078 319 4146 nomina
353 4097 438 4161 quae
468 4079 533 4145 iam
560 4079 689 4161 pridem
713 4078 874 4146 Graecam
906 4080 1115 4148 retinuerunt
1142 4082 1416 4167 terminationem,

184 4186 300 4271 poesin
331 4186 486 4253 Latinam
516 4186 712 4254 invaserunt
743 4195 778 4254 et
807 4189 1008 4256 necessitate
1039 4191 1180 4271 quadam
1211 4191 1418 4274 graecissare

184 4294 293 4362 coacti
315 4299 435 4376 poetae
453 4301 570 4377 postea
587 4314 713 4376 quoque
730 4297 981 4364 terminationes
998 4316 1132 4364 servare
1149 4299 1296 4366 Graecas
1312 4299 1419 4366 minus

184 4401 286 4470 veriti
320 4407 406 4468 sunt.
465 4421 531 4484 qua
564 4402 598 4468 in
635 4422 672 4470 re
706 4403 768 4470 hoc
803 4423 929 4487 quoqne
967 4405 1065 4472 velim
1101 4406 1265 4473 deliberes
1301 4412 1417 4488 poetas

185 4510 350 4578 Graecam
374 4509 528 4576 calluisse
552 4509 695 4594 linguam
720 4531 824 4594 neque
841 4537 912 4589 -ως
936 4551 978 4560 -
996 4518 1033 4579 ut
1051 4514 1232 4596 exemplum
1249 4515 1417 4597 proteram

187 4655 230 4665 —
247 4617 351 4684 latine
368 4616 550 4686 reformare
566 4619 711 4686 voluisse
727 4619 762 4686 in
781 4642 843 4702 -us,
869 4628 906 4685 nt
931 4621 1082 4688 fecerunt
1098 4621 1153 4704 qui
1176 4621 1321 4704 pedestri
1346 4641 1416 4690 ser-
