3452 5316
746 416 789 480 te

662 504 872 516 ——-.-..-..

314 625 365 704 31,
380 654 406 694 ιι
454 621 672 712 μεταβάλλειν
1007 653 1069 700 om.

313 732 390 812 37,ι
454 729 616 822 ἁρμονίας
637 733 699 823 γὰρ
921 736 1084 826 ἁρμονίας
1107 741 1144 808 δὲ

312 841 365 923 59,
379 871 406 911 ιο
452 832 474 928 ᾖ
1006 868 1067 915 om.

312 949 391 1028 60,a
453 949 508 1016 καὶ
532 947 572 1017 οδ
593 951 721 1036 γελοῖον
921 955 977 1021 καὶ
999 957 1134 1041 γελοῖον.

239 1073 399 1140 Omnibus
422 1075 474 1140 his
499 1076 581 1142 locis
606 1077 727 1142 AFBD
751 1096 889 1159 pravam
913 1083 1050 1163 praebet
1071 1083 1254 1152 lectionem.

433 1201 462 1268 V
748 1257 750 1260 ι
979 1206 1102 1272 DAFB

333 1328 388 1407 7,ο
451 1323 621 1411 Εὕδαίμον
644 1319 674 1394 εί
918 1327 1096 1416 Εὐδαίμων
1119 1325 1150 1399 εί

308 1435 360 1517 31,
373 1465 399 1504 21
448 1436 625 1524 φθονῶδες
915 1441 1096 1526 φθινῶδες.

235 1559 351 1626 Lectio
377 1560 497 1625 Anni)
522 1563 626 1641 proba
650 1566 709 1627 est.

232 1703 326 1784 Loci,
352 1703 469 1784 quibus
494 1704 522 1769 A
547 1710 579 1769 et
601 1704 630 1769 F
654 1703 742 1770 inter
764 1724 800 1771 se
823 1705 1035 1788 dissentiunt,
1068 1711 1243 1777 ostendunt
1266 1731 1372 1793 neque

145 1813 237 1876 dex
262 1812 292 1876 F
320 1830 423 1891 neque
447 1813 476 1876 F
499 1832 540 1877 ex
564 1813 594 1876 A
625 1813 809 1879 derivatum
840 1833 911 1879 esse
940 1817 998 1880 sed
1026 1822 1198 1898 utrumque
1227 1820 1370 1886 codicem

145 1937 183 1982 ex
207 1916 481 2006 eodemtflnxisse
506 1919 605 1985 fonte.

428 2045 457 2109 A
990 2047 1019 2112 F

306 2171 355 2252 16,
369 2201 398 2240 ιι
443 2166 561 2258 α’φύων
916 2167 1033 2259 δρυῶν

304 2279 354 2358 16,
369 2308 393 2347 ιι
442 2275 507 2344 tato
911 2276 997 2345 οὕτω

301 2385 354 2467 30,
367 2416 391 2454 sw
443 2383 536 2472 ῥώμη
911 2383 1025 2474 ῥώμης

301 2495 378 2572 31‚2
440 2491 670 2582 προδιήμαριε
908 2491 1103 2583 προὴμαριε

300 2601 374 2683 37,ι
440 2598 537 2668 οὐδὲν
906 2599 1017 2678 οὐδεὶς

298 2709 350 2790 40,
364 2740 390 2777 ιο
437 2707 533 2775 τόνδε
556 2705 614 2774 τὸν
637 2705 747 2794 α’γιῦνα
907 2706 1002 2774 τόνδε
1026 2705 1135 2795 οἷγῶνα

297 2816 377 2898 44,ι
438 2815 557 2903 ἐναργῆ
905 2815 1052 2905 ἐναργίαι

297 2923 349 3004 50,
363 2953 390 2993 ιο
438 2925 620 3011 δημιουργῇ
689 2985 691 2988 ,
907 2925 1101 3010 δημιουργεῖ

295 3032 348 3112 60,
361 3062 390 3101 ιο
436 3029 548 3119 ὥσπερ
572 3027 689 3117 α’γὲλην
904 3028 1016 3119 ὥσπερ
1039 3029 1098 3119 τὴν
1121 3027 1240 3119 ιίγὲλην

296 3140 373 3222 71,ι
511 3159 571 3205 om.
904 3139 969 3205 καὶ.
1186 3227 1188 3232 ,

221 3265 320 3330 Modo
354 3265 575 3347 praeferenda
609 3271 659 3330 est
693 3264 791 3331 lectio
826 3264 949 3330 codicis
977 3265 1008 3330 Α
1042 3265 1137 3332 modo
1167 3265 1291 3332 codicis
1319 3267 1358 3334 F.

135 3369 248 3452 Itaque
273 3373 373 3438 etiam
397 3374 499 3439 codex
523 3373 552 3437 A
576 3372 611 3437 in
634 3377 743 3438 monte
767 3372 855 3438 Atho
879 3371 1023 3454 scriptus
1046 3377 1105 3438 est.

221 3517 274 3595 75,
288 3546 313 3585 m
344 3519 505 3598 praebent
532 3516 622 3584 VAF
652 3519 792 3582 τοιαῦτα
819 3515 875 3582 καὶ
903 3513 1082 3604 γενήσεται.
1133 3515 1195 3582 BD
1220 3519 1358 3582 τοιαῦτα

134 3622 271 3689 πλεῖστα
305 3624 360 3689 καὶ
394 3621 503 3709 γέγονε
536 3625 591 3690 καὶ
625 3621 804 3712 γενήσεται.
866 3624 995 3689 Aeneas
1040 3624 1101 3688 hoc
1137 3623 1209 3690 loco
1247 3623 1354 3690 Euxi-

134 3731 239 3798 theum
264 3731 425 3798 dicentem
450 3731 550 3798 facit:
587 3734 698 3798 Ταῦτα
720 3730 781 3815 μὲν
804 3728 884 3817 παρ’
908 3727 997 3819 ἡμῖν·
1026 3728 1135 3815 γέγονε
1159 3729 1209 3817 [δὲ
1229 3729 1276 3817 Μ]
1301 3732 1357 3797 καί

134 3832 251 3906 ἄλλοθι
277 3836 360 3926 [atu
375 3837 459 3905 δ’ττα
474 3838 521 3927 M]
545 3843 684 3905 τοιαῦτα
709 3838 861 3926 [πλεῖστα
882 3839 937 3903 καὶ
957 3836 1066 3923 γέγονε
1090 3837 1162 3925 BD]
1187 3838 1243 3904 καὶ
1265 3837 1356 3926 γενή-

135 3968 234 4014 σεται.
281 3949 393 4014 Ambr.
426 3947 517 4030 „Ista
539 3949 664 4031 quoidam
688 3949 775 4030 apae-d
796 3969 874 4027 μοι,
905 3954 1058 4014 coemam
1086 3948 1154 4013 olio
1176 3946 1357 4013 huiusmodi

128 4054 268 4134 piurima
291 4063 320 4122 ct
333 4056 430 4139 facta
453 4063 525 4122 scant
548 4063 575 4122 et
595 4063 703 4138 postea
723 4057 833 4140 fient“.
881 4055 1009 4121 Habuit
1031 4054 1136 4136 igitur
1160 4053 1354 4119 Ambrosius

133 4159 165 4225 in
182 4163 371 4246 exemplari,
386 4183 469 4244 qnae
485 4162 695 4245 reperiuntur
711 4163 746 4228 in
762 4164 796 4227 M
814 4163 956 4228 foetasse
973 4168 1070 4227 ancta
1086 4163 1186 4229 verbo
1203 4160 1353 4229 πλεῖστα.

132 4267 165 4334 Si
188 4278 353 4338 corrector
377 4273 468 4338 codd.
493 4272 553 4336 BD
577 4271 748 4338 habuisset
771 4270 915 4336 codicem
939 4288 1107 4352 graecum,
1133 4268 1354 4334 intellexisset

134 4375 211 4444 illud
234 4376 343 4465 γέγονε
370 4398 435 4445 non
458 4379 623 4460 respicere
648 4379 689 4444 ad
713 4380 818 4442 ταῦτα
841 4375 901 4460 μὲν
924 4374 1004 4462 παρ’
1028 4373 1117 4463 ἡμῖν,
1147 4377 1205 4440 sed
1228 4376 1270 4440 ad
1298 4375 1353 4440 xci

132 4479 247 4554 uttam
272 4487 518 4567 addidissetque
542 4485 587 4552 δὲ.

181 4645 337 4700 Sinon-eiii,
356 4647 391 4689 Do
405 4647 488 4688 Aenea
503 4646 602 4688 (isaaco
1227 4625 1242 4676 4
