3428 5310
951 393 971 457 8

346 611 442 676 finem
459 610 554 676 unius
579 609 646 674 diei
662 609 819 675 excedere
842 607 986 690 nolebat,
1008 607 1149 689 speciem
1173 607 1223 673 rei
1248 608 1358 674 factam
1374 609 1566 675 turbaverit.

345 719 442 800 Apud
463 718 640 783 Homerum
664 715 749 782 enim
774 716 901 799 epicum
924 721 1065 798 poetam,
1091 715 1211 798 quippe
1235 715 1289 781 oui
1313 714 1413 781 nullis
1430 715 1568 782 vinculis

344 825 501 906 impedito
517 844 571 890 res
591 823 641 890 ita
657 842 814 889 enomere
828 822 971 906 licuerit,
992 827 1029 888 ut
1044 820 1119 888 fieri
1133 827 1311 904 potuerant
1318 820 1352 908 ¹),
1376 821 1569 905 Aegisthum

346 932 470 997 decimo
500 950 585 998 auno
610 931 689 998 belli
712 931 951 1013 speculatorem
980 929 1196 997 collocavisse
1218 929 1372 1014 legimus,
1401 929 1459 1010 qui
1482 930 1569 1012 Aga-

345 1057 544 1105 memnonem
567 1040 756 1105 redeuntem
773 1043 981 1121 exspectaret
1004 1043 1037 1103 et
1060 1037 1126 1119 ipsi
1146 1036 1316 1103 nuntiaret
1338 1035 1373 1123 (d
1388 1035 1568 1123 524-28):

506 1160 563 1228 τὸν
588 1159 617 1228 δ’
632 1158 685 1249 ἀρ’
708 1157 776 1227 ἀπὸ
801 1163 939 1249 σκοπιῆς
961 1153 1030 1227 alde
1054 1157 1186 1241 σκοπὸς,
1210 1158 1249 1226 ὅν
1272 1159 1315 1248 ρο
1337 1165 1495 1228 καθεῖσεν

504 1271 673 1354 Αἴγισθος
696 1265 874 1357 δολόμητις
896 1265 983 1353 ἀγων
1008 1321 1067 1336 ...

879 1428 938 1444 ...
963 1372 1113 1465 φύλασσε
1137 1373 1166 1442 d‘
1182 1372 1228 1460 ὅγ’
1252 1373 1300 1453 εἰς
1323 1371 1484 1454 ἐνιαυτὸν,

506 1487 550 1573 βῆ
573 1480 602 1550 δ’
618 1485 692 1567 ἴμεν
715 1480 874 1568 ἀγγελέων
897 1480 982 1572 πρὸς
1005 1481 1143 1567 δώματα
1166 1481 1302 1567 ποιμένι
1324 1483 1420 1550 λαῶν.

435 1611 539 1694 Quam
562 1608 785 1675 narrationem
801 1608 986 1692 Aeschylus
1010 1628 1028 1674 e
1051 1614 1147 1691 parte
1163 1609 1354 1690 dereliquit;
1386 1629 1462 1674 nam
1485 1609 1572 1694 igni-

346 1719 406 1782 bus
430 1717 464 1781 in
480 1716 621 1799 singulis
645 1716 789 1798 scopulis
813 1716 962 1782 accensis
978 1717 1106 1782 domum
1130 1717 1314 1782 renuntiari
1339 1716 1423 1782 facit
1438 1717 1572 1783 Troiam

317 1889 320 1894 ,
345 1831 476 1907 captam
501 1843 581 1890 esse.
623 1825 716 1908 Quod
739 1829 776 1889 ui
798 1829 950 1906 mutaret,
975 1825 1038 1889 hac
1061 1843 1096 1890 re
1120 1831 1298 1891 commotus
1323 1843 1395 1890 esse
1417 1824 1501 1890 mihi
1523 1825 1571 1891 vi-

345 1932 454 2014 detur,
494 1932 579 2012 quod
611 1930 672 1996 illa
704 1930 915 1996 renuntiandi
952 1931 1039 1997 ratio
1073 1931 1276 2013 temporibus
1308 1931 1468 1998 bellorum
1501 1949 1571 1998 cum

345 2038 456 2105 Persis
479 2043 646 2122 gestorum
669 2037 889 2104 usitatissima
912 2036 1023 2123 fuiti).
1471 2047 1472 2050 ’

436 2146 506 2231 Quo
530 2147 625 2212 modo
642 2150 844 2228 quantopere
867 2145 994 2228 species
1017 2145 1068 2210 rei
1084 2144 1196 2212 factae
1211 2147 1432 2228 perturbetur,
1456 2151 1572 2229 poetae

346 2253 431 2318 nihil
459 2253 615 2333 interest3
648 2271 723 2318 nam
752 2252 808 2332 qui
836 2252 910 2318 fieri
938 2252 1059 2334 potuit,
1092 2261 1128 2318 ut
1151 2252 1353 2335 Agamemno
1383 2254 1495 2319 eodem
1520 2252 1571 2319 die

346 2360 380 2426 in
403 2359 546 2442 patriam
570 2359 758 2442 perveniret
781 2377 845 2440 quo
868 2359 962 2442 ignes
985 2359 1062 2426 illi?

435 2468 559 2533 Tamen
583 2453 755 2547 utramque
777 2485 847 2533 rem
870 2466 906 2533 in
929 2468 1064 2533 eundem
1081 2467 1167 2533 diem
1192 2465 1277 2533 facit
1292 2465 1570 2552 concurrenteml)

347 2575 403 2660 (cf.
422 2572 512 2661 p.4);
539 2575 625 2654 quod
649 2592 746 2654 quam
770 2574 816 2640 sit
838 2575 1025 2656 absurdum,
1050 2575 1161 2642 verbis
1178 2581 1296 2657 poetae
1319 2573 1434 2658 ipsine,
1459 2592 1571 2654 quam-

345 2682 398 2749 vis
434 2681 629 2764 occultetur,
663 2687 772 2748 tamen
806 2681 860 2747 hic
892 2681 964 2748 illic
995 2681 1110 2748 elucet.
1157 2683 1281 2749 Praeco
1315 2682 1401 2748 enirn
1432 2683 1570 2748 classem

345 2791 533 2856 redeuntem
557 2788 844 2856 vehementissima
867 2794 1062 2871 tempestate
1085 2808 1275 2872 oppressam
1299 2809 1371 2856 esse
1393 2789 1570 2870 renuntiat,

347 2915 412 2975 qua
434 2896 586 2978 singulae
616 2915 718 2963 naves
741 2896 865 2979 passim
895 2896 1064 2978 dispersae
1093 2903 1202 2964 essent
1233 2894 1289 2982 (cl.
1308 2897 1367 2963 Od.
1392 2895 1570 2982 7286sq.).

347 3001 438 3084 Quae
461 3008 639 3085 tempestas
663 3009 699 3069 ut
723 3010 797 3070 orta
820 3009 893 3070 crat
915 3009 1010 3070 nocte

459 3147 489 3194 v.
507 3128 589 3195 653:
626 3126 664 3194 ἐν
685 3128 795 3194 νυκτὶ
820 3125 1031 3212 δυσκύμαντα
1054 3125 1084 3194 d’
1100 3125 1227 3219 ὠρώρει
1250 3127 1343 3208 κακά,

347 3254 396 3320 ita
418 3253 526 3336 prima
549 3253 622 3320 luce
645 3254 814 3320 resederat

399 3401 429 3446 v.
447 3379 616 3446 ons-59:
642 3377 715 3445 daci
739 3376 768 3445 δ’
785 3375 911 3467 ἀνῆλθε
933 3377 1087 3468 λαμπρὸν
1111 3376 1206 3468 ἡλίου
1230 3375 1327 3467 φάος,

644 3483 773 3575 ὁρῶμεν
796 3482 923 3553 ἀνθοῦν
946 3484 1097 3572 πέλαγος.

347 3612 452 3696 Quam
479 3631 546 3676 rem
570 3629 689 3692 praeco
713 3611 872 3695 explicat,
902 3613 998 3692 quasi
1020 3632 1086 3680 non
1109 3614 1148 3679 de
1176 3619 1272 3681 nocte
1294 3612 1485 3695 praeterita,
1515 3611 1570 3677 sed

347 3721 387 3785 de
415 3718 563 3800 qualibet
592 3718 661 3784 alia
689 3724 817 3801 agatur.
864 3719 949 3786 Nam
980 3719 1010 3786 si
1040 3722 1080 3786 de
1107 3721 1168 3786 illa
1200 3721 1325 3787 laceret
1352 3722 1468 3801 verba,
1500 3737 1568 3786 eam

346 3827 436 3893 clare
466 3825 537 3892 sive
566 3825 758 3908 pronomine
782 3823 1040 3895 demonstrativo
1070 3828 1142 3893 sive
1172 3827 1241 3893 alia
1267 3827 1396 3894 ratione
1424 3826 1568 3896 indicare

347 3932 467 4000 debuit.

435 4040 549 4121 Neque
573 4041 640 4107 alio
664 4040 736 4108 loco
760 4040 856 4107 huius
879 4040 1013 4108 fabulae
1035 4046 1134 4124 poeta
1157 4041 1221 4108 sibi
1239 4046 1384 4108 constat:
1416 4037 1569 4122 praeconi

347 4147 434 4213 enim
458 4147 648 4215 advenienti
671 4147 911 4232 Clytaemestra
934 4149 1016 4215 haec
1038 4155 1155 4216 narrat
1177 4169 1208 4215 v.
1226 4149 1396 4216 oen-el:

438 4415 456 4484 ¹)
476 4414 518 4470 Cf.
538 4417 642 4470 Arist.
663 4415 735 4472 A.P.
750 4416 819 4470 1449
838 4417 855 4470 b
875 4417 921 4471 14:
947 4413 961 4485 ἡ
981 4417 1010 4471 δὲ
1029 4419 1159 4472 ἐποποιίοι
1178 4411 1337 4488 ἀόριστος
1354 4413 1395 4486 τῷ
1415 4413 1532 4486 χρόνῳ.

437 4505 456 4573 ²)
477 4504 518 4561 cf.
539 4505 656 4558 Herod.
676 4505 717 4559 IX
734 4506 760 4574 3,
774 4507 799 4559 4.

436 4593 457 4664 ⁸)
477 4593 518 4648 Gi.
539 4593 663 4666 Schlegel
682 4595 736 4652 1.ο.
756 4594 858 4652 XVIII.
873 4595 1036 4666 Vorlesuug.
