3452 5316
770 439 810 502 19

221 648 341 716 ἐστιν.
392 652 458 716 Τοῦ
488 647 630 738 οὐρανοῦ
653 648 763 740 χαριέ-

223 779 343 822 στατον
366 754 399 822 σί
414 753 559 844 άστὲρες.
592 754 663 822 ἀλλ’
674 754 764 840 ὅμως

221 864 277 929 καὶ
301 853 392 929 οὗτοι
415 861 593 948 γεγόνασιν.

173 973 250 1052 53,ι
309 968 451 1057 ὁρατὸν
488 967 550 1058 γὰρ
589 969 667 1038 ίίντα
704 973 760 1038 καὶ
815 973 897 1038 Τίσι.
924 973 1018 1038 31Β
1057 971 1333 1056 Σσιματσειδὲς
1365 973 1403 1040 δὲ

219 1075 353 1143 άπτὸν
386 1079 441 1144 καὶ
475 1076 583 1166 πάντη
622 1102 759 1162 σωμα-
859 1081 899 1167 δὴ
933 1081 988 1146 καὶ
1027 1077 1169 1167 ὁρατὸν
1204 1078 1329 1145 ἁπτόν
1366 1105 1403 1146 τε

218 1187 353 1273 roardi}
383 1182 550 1274 α’μὴχανσν
579 1177 617 1274 ἦν
647 1183 759 1274 άνὲνη-
859 1184 970 1252 δεῖτὸ
993 1185 1165 1271 γενόμενον
1188 1179 1283 1254 εἶναι.

217 1315 275 1358 τον
299 1285 394 1360 εἶναι.

174 1401 250 1482 58‚o
285 1391 364 1466 Oios
394 1397 452 1488 τὴν
475 1397 611 1488 φθορὰν
638 1398 760 1488 ταύτην
814 1403 897 1468 Tim.
923 1403 1012 1469 330
1069 1399 1150 1466 αὐτὸ
1192 1399 1254 1489 γὰρ
1293 1399 1401 1487 ἑαυτῷ

219 1505 238 1571 ὁ
263 1505 420 1585 Πλάτων,
452 1505 482 1572 εἰ
511 1507 566 1573 καὶ
596 1504 654 1596 τὴν
683 1507 759 1591 με’λ-
858 1506 985 1596 τροφὴν
1022 1505 1081 1596 τὴν
1119 1505 1239 1574 ἑαυτοῦ
1277 1507 1400 1598 φθίσιν

218 1614 343 1680 λσνσαν
371 1611 563 1681 ἀθανασίαν
594 1612 758 1703 ἠγνόησεν.
858 1613 1004 1703 παρέχον
1026 1617 1081 1682 καί
1102 1612 1211 1680 πάντα
1235 1615 1269 1680 ἐν
1293 1613 1400 1700 ἑαυτῷ

218 1718 343 1808 οὐγὰρ
370 1724 428 1810 τῆς
452 1725 508 1810 γῆς
530 1719 646 1805 μόνον,
675 1719 759 1787 dita
857 1724 912 1788 καὶ
943 1719 1001 1811 ὑφ’
1031 1720 1151 1788 ἑαυτοῦ
1183 1719 1313 1804 πάσχον
1344 1723 1400 1788 καὶ

217 1829 272 1894 καί
296 1833 356 1894 τσῦ
376 1826 520 1918 οὐρανοῦ
539 1827 675 1917 φίλαρὰν
700 1853 758 1896 σα·
858 1831 946 1917 δριῦν
969 1827 1003 1896 ἐκ
1026 1827 1141 1917 τέχνης
1164 1827 1299 1914 γέγονεν.

218 1938 292 2023 φῶς
322 1933 488 2020 ἐπεισάγει
517 1935 669 2022 Τιμαίῳ
697 1934 758 2002 λε’-ν

215 2064 280 2126 νων
313 2041 348 2108 ἐκ
379 2046 438 2131 τῆς
469 2041 594 2119 οἰκείας
624 2048 759 2132 φθορᾶς

215 2145 273 2214 τὸν
296 2147 436 2237 οὐρανὸν
458 2147 656 2238 τρέφεσθαι.

260 2294 389 2360 Aeneas
419 2294 454 2358 iu
486 2294 545 2360 illa
574 2301 669 2376 parte
699 2295 825 2376 dialogi
859 2313 924 2374 qua
956 2295 1101 2361 celebrat
1134 2297 1253 2377 dogma
1287 2295 1398 2360 Trini-

171 2401 252 2466 tatis
275 2401 395 2466 leviter
416 2401 526 2482 tangit
541 2403 774 2483 quaestionem,
800 2422 857 2467 our
874 2404 952 2468 deus
969 2403 1134 2468 creaverit
1156 2403 1397 2468 intellectuales

168 2507 374 2573 substantias
414 2510 571 2588 docetque
606 2529 677 2574 eum
713 2510 774 2575 hoc
812 2509 943 2591 fecisse,
988 2510 1065 2590 quia
1104 2509 1265 2592 benignus
1301 2518 1396 2576 esset.

167 2614 332 2680 Similiter
362 2615 457 2681 Plato
491 2616 693 2682 liberalitate
725 2617 839 2684 divina
874 2618 1027 2682 mundum
1060 2623 1205 2682 creatum
1238 2636 1310 2682 esse
1342 2618 1397 2682 de-

168 2727 341 2788 monstrat.

168 2847 250 2928 tta
294 2844 450 2934 ἠβούλετο
486 2846 547 2934 γὰρ
578 2845 664 2930 ἔχειν
699 2847 756 2925 σῧς
810 2851 893 2915 Tim.
922 2851 1010 2916 29])
1035 2847 1193 2934 Λὲγισμεν
1217 2848 1257 2938 δὴ
1282 2847 1325 2916 δι’
1342 2847 1395 2938 ἣν·

215 2949 256 3018 ἂν
279 2945 316 3020 εὖ
343 2959 432 3043 ποιῇ.
480 2952 546 3022 Διὰ
575 2959 673 3022 τοῦτο
696 2954 757 3032 τάς
854 2981 928 3023 τινα
963 2955 1074 3023 αἰτίαν
1109 2955 1233 3042 γένεσιν
1269 2957 1323 3022 καὶ
1358 2955 1395 3022 τὸ

214 3057 282 3126 dvo
327 3059 485 3146 δυνάμεις
531 3061 754 3152 προβάλλεται
854 3067 922 3129 πᾶν
952 3061 1028 3130 τάδε
1058 3062 1076 3128 ά
1109 3062 1265 3140 συνιστὰς
1293 3063 1394 3130 σννέ-

213 3172 274 3234 τοῦ
302 3166 432 3253 dyada&
455 3171 511 3236 καὶ
541 3175 599 3260 τῆς
622 3167 756 3260 πρώτης
856 3194 981 3257 στησεν.
1030 3167 1158 3255 dyadis·
1181 3163 1229 3258 ἦν,
1258 3168 1396 3257 dyada]

214 3272 402 3364 εὐεργεσίας
421 3273 536 3353 ἱκανάς
555 3274 752 3344 α’πολαάειν·
853 3279 895 3345 δὲ
930 3277 1062 3355 οὐδεὶς
1100 3280 1192 3367 περὶ
1232 3277 1396 3356 οὐδενὸς

214 3380 350 3468 ἀγαθῷ
387 3381 457 3471 γάρ
496 3381 628 3461 οὐδεὶς
662 3387 753 3473 περὶ
854 3384 1015 3452 οὐδέποτε
1036 3385 1211 3471 ἐγγίγνεται
1233 3385 1394 3475 φθόνος.

215 3487 376 3567 οὐδενὸς
400 3488 562 3578 φθόνος.
810 3495 948 3560 Phaedr.
968 3495 1075 3559 242A
1103 3491 1233 3582 φθόνος
1252 3490 1394 3583 γὰρέξω

853 3599 952 3666 θείαν
975 3603 1077 3690 χοροῦ
1098 3597 1242 3668 ἵσταται.

260 3741 390 3808 Aeneas
414 3743 504 3825 cogit
527 3763 544 3808 c
568 3744 780 3809 veneratione
809 3762 873 3825 qua
903 3719 1042 3826 corpora
1071 3746 1297 3811 defunctorum
1322 3767 1396 3828 per-

161 3849 335 3929 sequimur
370 3868 409 3915 ca
439 3868 504 3915 nou
528 3851 658 3916 omuino
683 3851 849 3933 superduc
877 3871 962 3932 esse,
994 3852 1051 3918 sed
1076 3854 1170 3917 deum
1195 3871 1233 3918 ea
1262 3852 1393 3919 immor·

163 3955 301 4022 talitate
326 3957 519 4022 donaturum
549 3977 629 4024 csse.
677 3959 800 4024 Haurit
829 3966 937 4024 autem
966 3961 1147 4042 exemplum
1172 3961 1395 4027 venerationis

162 4063 260 4130 illius
284 4083 301 4128 e
324 4064 478 4130 Platone:

163 4191 222 4270 68,
234 4218 258 4257 ιι
296 4189 351 4255 καὶ
380 4186 488 4277 μάτην
512 4189 590 4278 ἡμῖν
618 4187 635 4256 ὁ
659 4187 802 4257 Πλάτων
830 4189 1089 4281 παρακελεύεται
1116 4195 1174 4279 τῆς
1202 4189 1304 4257 αὑτοῦ
1334 4190 1394 4258 τιά-

212 4295 294 4372 λεως
323 4293 401 4372 τοὺς
424 4295 574 4385 φύλακας
601 4299 821 4375 τελευτῶντας
850 4303 950 4382 τιμάν
973 4300 1028 4365 καὶ
1056 4303 1121 4365 cliv
1150 4297 1311 4383 σωμάτων
1334 4298 1395 4377 τὰς

212 4400 320 4491 θήκας
342 4410 549 4492 προσκυνεῖν.
582 4406 820 4488 Significautur
836 4408 890 4474 hic
907 4407 1056 4473 Platonis
1073 4409 1180 4490 Leges
1196 4407 1264 4473 XII
1277 4408 1341 4473 947
1354 4409 1392 4492 Β,

213 4511 271 4575 sed
299 4511 431 4594 longum
467 4520 517 4577 est
549 4513 786 4594 amplissimum
822 4515 906 4580 hunc
943 4514 1049 4579 locum
1081 4515 1295 4596 describere·
1321 4535 1393 4580 cum

212 4617 304 4684 nulla
328 4625 436 4685 exstet
458 4619 640 4686 similitudo
664 4623 847 4688 verborum.

1253 4749 1286 4800 2*
