3452 5316
738 431 778 496 bl

232 644 305 709 Non
336 649 444 709 autem
475 663 538 710 urm
567 646 679 710 codice
703 647 731 710 B
760 665 837 711 usus
869 652 919 712 est
942 645 1166 714 Diassorinus.
1214 647 1370 713 Nonnun-

147 769 241 832 quam
266 750 350 816 enim
375 757 553 818 cernuntur
576 751 736 818 lectiones
759 755 882 835 probae
906 753 941 818 in
965 753 995 818 D
1020 753 1112 836 locis,
1142 754 1259 834 quibus
1284 754 1317 819 in
1341 756 1369 819 B

145 860 350 940 corruptelae
374 865 514 924 exstant.

303 984 356 1065 24,
369 1014 395 1053 m
443 980 540 1050 τόκου
578 985 733 1052 VMAFD
939 983 1063 1069 κόσμου
1098 987 1127 1052 Β

302 1091 355 1173 50,
369 1121 395 1161 11
443 1089 513 1176 ἅμα
536 1094 583 1176 τῷ
605 1089 689 1178 τόκῳ
947 1086 1010 1177 “pra
1026 1095 1074 1177 τῷ
1097 1089 1262 1178 κόσμῳΒ

304 1199 379 1279 71,ι
443 1195 548 1286 ἡδέως
942 1197 1039 1276 cotug
1068 1201 1097 1266 Β

303 1305 356 1388 38,
370 1334 394 1386 a,
427 1305 519 1389 51,11
553 1306 620 1372 iam
644 1313 742 1372 autea
766 1307 873 1373 attuli.

231 1428 334 1512 Quem
358 1429 502 1495 codicem
526 1450 547 1495 a
569 1430 765 1497 Diassorino
790 1431 972 1498 adhibitum
998 1431 1108 1497 autA
1132 1437 1190 1497 out
1212 1431 1242 1498 F
1265 1431 1370 1498 fuisse

143 1537 292 1618 sequitur
326 1557 367 1603 ex
402 1557 438 1602 eo
474 1540 559 1618 quod
596 1539 645 1620 18,
663 1569 690 1608 22
734 1539 807 1605 loco
841 1541 965 1621 probae
998 1539 1150 1605 lectionis
1185 1539 1309 1606 codicis
1341 1541 1369 1606 B

143 1663 182 1708 ex
210 1644 237 1709 Τ
268 1651 422 1726 receptae
453 1647 555 1711 codex
579 1646 610 1711 D
639 1646 779 1712 inseruit
807 1645 909 1728 falsa,
942 1666 1026 1727 quae
1056 1666 1121 1713 non
1150 1653 1282 1714 exstant
1305 1646 1370 1712 nisi

144 1751 177 1816 in
200 1751 261 1816 AF
287 1747 499 1837 (Πλούτωνος
521 1753 655 1836 MV'PB,
680 1749 861 1829 Πλάτωνος
885 1753 999 1839 AFD).

230 1895 306 1962 Non
330 1895 469 1978 exiguae
493 1897 674 1964 varietates
699 1903 831 1963 exstant
853 1897 941 1963 inter
964 1898 1024 1963 AF
1048 1904 1081 1963 et
1105 1898 1143 1963 Β.

517 2023 578 2088 AF
1004 2025 1033 2090 B

325 2149 355 2229 6,
369 2178 397 2217 ιο
443 2145 705 2237 προσπελάσασα
889 2145 1170 2237 προσπελάσασαν

327 2257 381 2340 ‘Le
444 2253 529 2322 οὕτω
888 2260 1006 2324 τοῦτον

305 2365 396 2446 10,11
444 2359 463 2452 ἢ
890 2362 921 2431 εἰ

306 2472 356 2553 18,
369 2501 397 2541 m
444 2469 545 2556 λέγων
888 2469 1037 2558 λέγοντος

304 2580 381 2662 38,1
443 2574 588 2668 φοβερὸν
889 2575 1033 2668 φοβερὸς

303 2687 395 2766 50,1r
443 2683 526 2772 τόκῳ
886 2685 1009 2774 κόσμῳ.

228 2813 406 2879 Lectiones
430 2813 578 2880 codicum
601 2815 662 2879 AF
685 2817 809 2895 probae
833 2819 917 2881 sunt.

304 2939 396 3021 14,11
443 2936 492 3014 εἰς
514 2935 655 3025 mandorp
891 2935 1044 3026 ἰκτινώδη

304 3046 382 3129 20,1
444 3042 668 3134 α’ναμνημονεῑ
891 3043 1082 3134 ἀμνημονεῖ.

231 3171 409 3238 Lectiones
432 3171 556 3239 codicis
580 3173 609 3238 B
633 3175 756 3254 probae
780 3178 865 3238 sunt.

229 3279 355 3346 Tamen
379 3280 523 3346 codicem
547 3281 575 3344 B
600 3282 642 3345 ad
665 3280 725 3345 AF
748 3280 857 3346 redire
881 3285 969 3363 puto.

229 3423 302 3488 Iam
326 3422 426 3505 enim,
458 3427 495 3489 ut
525 3422 673 3490 omittam
701 3422 882 3488 verisimile
913 3441 976 3488 non
1008 3441 1080 3487 esse
1103 3421 1367 3503 Palaeocappam

142 3530 239 3595 tertio
265 3528 376 3594 codice
406 3549 423 3595 e
448 3528 539 3595 fonte
564 3530 711 3595 codicum
735 3530 794 3594 AF
818 3531 983 3611 profecto,
1013 3529 1070 3610 qui
1093 3548 1178 3594 nunc
1205 3547 1309 3608 neque
1332 3528 1368 3592 in

142 3636 289 3717 antiquis
328 3655 432 3716 neque
474 3638 510 3703 in
549 3637 736 3702 recentibus
771 3636 982 3702 bibliothecis
1018 3634 1149 3703 Galliae
1189 3634 1366 3714 invenitur,

141 3763 233 3810 usum
259 3763 344 3826 esse,
376 3745 542 3827 sprevisse
567 3752 673 3810 autem
699 3744 827 3836 codices
856 3763 934 3810 ase
959 3744 1030 3826 ipso
1054 3744 1089 3808 in
1114 3741 1259 3809 Galliam
1283 3741 1367 3808 alla-

143 3856 192 3918 tos
213 3851 282 3937 (bic
299 3851 395 3934 enim,
413 3853 527 3918 nonin
544 3852 744 3918 monasterio
761 3851 792 3918 S.
811 3851 942 3917 Laurae
959 3853 987 3916 B
1003 3850 1162 3932 scriptum
1180 3869 1251 3915 esse
1267 3869 1368 3931 supra

143 3959 185 4040 (p.
199 3959 257 4044 45)
274 3959 497 4044 ostendimus),
522 3959 681 4025 lectiones
701 3959 863 4040 diversae,
888 3977 972 4039 quae
995 3957 1206 4039 reperiuntur
1229 3956 1316 4021 iuter
1338 3957 1367 4022 B

143 4072 174 4131 et
197 4066 268 4148 AF,
293 4086 357 4132 non
380 4067 492 4149 magni
514 4068 681 4149 putandae
705 4073 794 4147 sunt,
826 4065 1022 4148 praesertim
1045 4083 1117 4130 oum
1145 4063 1211 4129 iam
1236 4065 1366 4130 demon-

142 4173 359 4240 straverimus
374 4174 637 4256 Palaeooappam
665 4193 729 4240 non
753 4180 789 4240 ut
809 4173 941 4239 librarii
967 4172 1115 4256 plerique
1138 4171 1245 4237 solent
1268 4189 1366 4236 unum

143 4281 311 4363 exemplar
334 4281 603 4363 transscripsisse
627 4283 684 4347 sed
707 4287 743 4346 ut
767 4280 874 4346 editor
896 4279 1204 4362 interpretationem
1227 4279 1366 4343 latinam

144 4388 344 4471 adhibuisse,
359 4399 394 4453 ut
409 4391 512 4454 verba
528 4387 701 4470 scriptoris
718 4407 738 4454 a
754 4388 906 4454 sordibus
922 4387 1181 4469 corruptelarum
1199 4392 1365 4468 purgaret.

231 4513 394 4595 Denique,
431 4516 517 4594 quod
549 4514 631 4580 mihi
660 4513 796 4580 maximi
824 4513 979 4580 momenti
1008 4512 1138 4580 videtur
1168 4529 1255 4593 esse,
1287 4530 1368 4576 non-

143 4620 242 4687 nullis
266 4621 361 4705 locis,
398 4622 516 4703 quibus
547 4640 632 4688 nunc
661 4622 690 4687 B
721 4628 755 4688 et
786 4621 846 4688 AF
876 4622 963 4688 inter
993 4641 1028 4688 se
1057 4621 1228 4702 differunt,
1264 4619 1367 4686 codex

1225 4743 1258 4798 4*
