3462 5312
977 411 1038 475 140

485 625 622 691 Taenari
656 625 776 691 montis
812 645 926 692 nomen
962 625 1083 690 Latine
1118 625 1296 690 formatum
1330 625 1500 690 invenitur
1534 627 1616 706 apud

392 731 547 798 Senecam
571 733 659 814 (nt.
677 732 765 815 663),
792 731 918 799 Graece
942 732 1152 798 terminatum
1177 732 1210 796 ln
1227 731 1380 814 Priapeis
1396 731 1538 814 (LXXV
1554 731 1618 817 3)¹)

392 846 425 903 51
448 840 535 920 apud
551 838 693 905 Statium
711 838 825 924 (Theb.
843 838 878 905 II
895 839 960 925 44).
994 839 1213 905 Accusativus
1237 839 1302 904 nisi
1325 839 1495 907 Taenaron
1519 837 1618 904 flexus

392 946 433 1010 ad
457 946 680 1012 hexametrum
710 947 916 1029 pangendum
941 946 1032 1033 (Luc.
1058 947 1108 1012 IX
1125 947 1168 1012 36
1191 945 1389 1013 valence.
1414 947 1527 1030 1365)
1552 945 1618 1010 ido·

391 1071 471 1118 neus
495 1072 559 1118 non
583 1061 641 1118 cst.

481 1169 563 1234 Item
592 1169 716 1252 legitur
745 1176 777 1235 51
805 1171 892 1252 apud
916 1169 1071 1236 Senecam
1096 1169 1229 1254 (Phoen.
1248 1169 1328 1252 602)
1356 1176 1389 1235 51
1412 1169 1530 1236 Silium
1554 1169 1619 1234 Ita-

390 1275 489 1342 licum
506 1276 583 1360 (VII
602 1275 679 1362 210)
706 1277 843 1358 15555,
869 1277 925 1342 sed
946 1277 980 1341 in
997 1276 1086 1343 Stati
1102 1276 1269 1342 Thebaide
1287 1276 1363 1362 (VII
1382 1277 1459 1357 686)
1485 1277 1618 1356 Tmolos,

391 1388 424 1448 et
447 1383 534 1464 apud
558 1383 714 1449 Senecam
738 1384 907 1449 Lucanum
930 1383 1073 1450 Statium
1097 1383 1285 1449 Martialem
1310 1386 1328 1449 7
1353 1383 1436 1450 locis
1461 1383 1618 1462 Kamiros,

392 1491 449 1555 sed
473 1491 507 1555 in
531 1491 657 1556 Aetnae
681 1510 778 1557 versu
803 1490 823 1555 5
851 1490 1005 1557 Xanthos.

479 1597 591 1678 Neque
615 1597 722 1680 magis
745 1597 953 1679 perspicuum
978 1605 1037 1678 est,
1062 1616 1121 1662 cur
1144 1597 1279 1681 Absyrti
1301 1596 1444 1663 nominis
1465 1597 1619 1662 Lucanus

391 1703 521 1770 Graeca
557 1705 664 1770 forma
697 1723 775 1770 usus
810 1705 856 1770 sit
890 1704 960 1789 (ΙΙΙ
988 1703 1113 1789 190)’),
1148 1705 1304 1771 Valerius
1335 1703 1476 1770 Flaccus
1513 1709 1619 1769 551515

390 1809 523 1898 1511551
549 1812 591 1895 (V
608 1811 682 1893 457,
706 1812 755 1878 Vl
775 1813 846 1894 171,
865 1811 939 1892 517,
965 1811 1048 1878 VIII
1071 1813 1145 1892 261,
1163 1809 1251 1896 369),
1288 1810 1340 1876 vel
1372 1829 1437 1891 qua
1468 1829 1504 1875 re
1536 1829 1619 1875 com·

390 1923 496 1983 motus
513 1917 636 1984 Seneca
654 1919 777 1985 Aeacos
792 1918 916 1984 dixerit
932 1918 1030 2000 (Η.Ο.
1051 1917 1159 2004 1558),
1185 1917 1207 1984 S
1224 1917 1312 1984 atius
1328 1917 1423 2004 (Silr.
1440 1917 1475 1982 Π
1501 1919 1529 1998 1,
1544 1917 1617 2000 219)

390 2031 498 2090 autem
524 2031 557 2090 et
579 2024 747 2091 Iuvenalis
771 2025 801 2112 (I
819 2025 873 2111 10)
898 2026 1033 2093 Aeacus.
1074 2027 1120 2093 Ut
1142 2044 1220 2092 vero
1245 2025 1469 2092 accusativum
1495 2023 1618 2090 Statius

390 2131 694 2219 (silentem)
731 2134 858 2200 Graece
894 2132 1040 2199 flecteret
1074 2133 1216 2215 Aeacon,
1256 2138 1393 2198 metrum
1429 2131 1617 2214 postulabat

391 2239 599 2324 dactylicum.

479 2355 619 2422 Plurimi
642 2363 760 2438 poetae
782 2357 939 2423 Manilius
961 2356 1178 2423 Germanicus
1202 2356 1327 2422 Seneca
1350 2355 1506 2421 Lucanus
1522 2354 1617 2423 Vale-

389 2463 460 2530 rius
488 2463 629 2529 Flaccus
663 2463 831 2529 Martialis
871 2464 1032 2530 Graecam
1067 2469 1284 2530 servaverunt
1319 2461 1459 2528 formam
1495 2463 1617 2532 Arctos.

390 2590 486 2652 quam
510 2571 636 2637 Statius
661 2590 787 2652 quoque
815 2571 850 2635 in
873 2571 1041 2636 Thebaide
1070 2569 1221 2636 adhibuit
1245 2569 1310 2651 (III
1335 2569 1410 2652 685,
1434 2568 1519 2636 VIII
1544 2570 1615 2639 408.

389 2677 579 2760 ΧΙ1653),
616 2678 672 2759 qui
708 2678 742 2742 in
777 2678 894 2760 Silvis
931 2679 960 2744 si
996 2677 1103 2744 forma
1137 2685 1227 2744 recte
1262 2677 1388 2742 tradita
1422 2683 1487 2758 est,
1525 2675 1616 2742 Lati-

391 2803 466 2851 nam
499 2785 659 2866 praetulit
692 2787 811 2852 Arctus
844 2786 905 2870 (IV
928 2785 1069 2872 3,153),
1108 2804 1173 2866 qua
1201 2785 1300 2851 etiam
1333 2785 1451 2851 Iliadis
1475 2785 1615 2850 Latinae

389 2898 506 2958 auctor
529 2891 621 2978 (866)
646 2911 723 2958 usus
748 2899 806 2959 est.
854 2893 1073 2958 Accusativus
1097 2911 1226 2974 semper
1249 2899 1299 2959 est
1315 2893 1463 2960 Graecus
1488 2893 1614 2959 Arctoo.

481 3008 639 3074 Manilius
663 3009 801 3089 denique
826 3007 913 3075 dixit
936 3015 969 3074 et
996 3009 1180 3092 horoscopos
1203 3009 1269 3090 (ΙΙΙ
1294 3009 1369 3091 389,
1386 3009 1461 3090 518,
1479 3007 1561 3092 608)
1589 3013 1617 3073 ct

391 3115 579 3200 horoscopus
603 3115 649 3200 (11
674 3116 748 3198 829,
774 3114 827 3181 III
852 3117 925 3198 200,
943 3117 1018 3198 440,
1036 3115 1124 3202 504),
1154 3118 1211 3182 sed
1234 3116 1458 3182 accusativum
1483 3123 1616 3198 propter

391 3223 612 3304 insequentem
630 3223 775 3288 vocalem
800 3243 928 3306 semper
949 3223 1042 3289 flexit
1064 3223 1255 3306 borosccmon
1272 3222 1337 3307 (Ill
1357 3223 1430 3304 190,
1442 3223 1518 3304 205,
1530 3221 1614 3306 538).

478 3330 549 3395 Iam
584 3331 739 3396 adeamus
778 3333 819 3396 ad
854 3331 1038 3397 accusativi
1074 3331 1221 3414 duplices
1257 3331 1381 3397 formas
1415 3331 1614 3408 tractandae,

390 3457 526 3519 quarum
551 3437 762 3504 diversitates
787 3438 976 3520 plerumque
999 3439 1096 3505 metri
1119 3439 1248 3504 ratione
1271 3446 1347 3504 sunt
1371 3437 1519 3504 effectae.

478 3545 560 3610 Nam
585 3544 727 3611 Senecae
752 3545 785 3610 in
808 3545 963 3611 Herculis
980 3546 1095 3613 Oetaei
1119 3565 1217 3612 versu
1241 3546 1372 3611 senario
1396 3545 1439 3610 23
1462 3544 1614 3610 Latinam

390 3652 529 3717 formam
564 3651 731 3719 Cerberum
764 3653 920 3718 adhibere
952 3653 1062 3734 licuit,
1099 3653 1206 3719 Statio
1241 3658 1350 3719 autem
1385 3651 1419 3717 in
1452 3651 1614 3718 Silvarum

389 3760 578 3825 hexametro
599 3760 629 3825 V
646 3761 675 3841 2,
689 3761 732 3824 95
756 3767 892 3841 propter
907 3759 1130 3841 insequentem
1147 3760 1294 3826 vocalem
1312 3760 1439 3827 Graece
1464 3759 1614 3828 Cerberon

390 3873 462 3932 erat
484 3867 688 3933 flectendum.

478 3983 524 4050 Ut
553 3983 727 4049 Petronius
760 3984 795 4049 in
826 3995 1011 4049 saturarum
1041 4003 1138 4051 versu
1170 3983 1447 4067 hendecasyllabo
1481 3984 1534 4064 93,
1558 3985 1611 4060 25

389 4089 510 4156 Latino
534 4090 724 4158 accusativo
749 4111 826 4157 usus
851 4098 900 4156 est
924 4094 1112 4170 antoanam,
1138 4092 1186 4157 ita
1209 4091 1363 4157 Lucanus
1383 4091 1416 4156 X
1434 4091 1498 4156 167
1522 4088 1613 4155 metri

390 4217 489 4263 cansa
513 4197 599 4263 dixit
621 4199 796 4264 cineromon.

478 4306 591 4386 Aeque
615 4325 668 4370 res
692 4325 727 4371 se
751 4306 850 4372 habet
881 4307 915 4370 in
940 4306 1066 4374 Graeco
1091 4306 1280 4372 accusativo
1303 4305 1468 4389 Epicurei
1493 4303 1611 4388 (Priap.

482 4519 500 4584 ¹)
521 4519 562 4573 ef.
582 4535 641 4588 cap.
660 4519 723 4589 115
742 4519 767 4588 8,
780 4521 806 4574 3.

480 4609 500 4678 ²)
519 4608 561 4663 ef.
581 4624 640 4677 cap.
659 4609 687 4664 11
707 4609 723 4679 ξ
742 4609 768 4678 8,
780 4610 806 4664 3.
