3462 5312
728 387 792 485 1⁷}
853 481 862 484 ,

144 619 185 665 ex
210 599 345 680 antiquo
369 600 481 666 codice
505 599 640 666 fluxisse
664 600 817 666 dieitur“.
857 601 1015 666 Fortasse
1037 599 1151 683 igitur,
1177 619 1371 682 quamquam

144 705 274 773 codices
297 706 393 774 LliiG
423 709 605 775 doerrouieu
636 709 809 789 praebent,
838 709 919 773 haec
943 707 1051 774 forma
1073 714 1165 774 recta
1188 713 1251 790 est,
1277 728 1373 790 prae-

144 814 258 880 sertim
284 833 355 880 cum
385 815 420 880 in
443 815 545 881 simili
574 816 718 882 eiusdem
742 815 820 882 libri
844 835 959 882 versus
983 816 1047 881 937
1077 821 1232 881 contextu
1256 835 1372 882 nomen

144 921 294 988 neutrius
317 922 449 1004 generis
472 922 677 990 inveniatur:

307 1041 465 1123 Asperum
490 1042 548 1107 erit
570 1040 732 1123 erupirrm5
763 1040 883 1122 titulus,
909 1061 996 1122 quem
1023 1038 1187 1108 Graecia
1201 1039 1292 1122 fecit,

304 1146 562 1214 Daemonium.

233 1262 320 1328 Hinc
353 1262 482 1343 quidem
514 1281 635 1345 magna
665 1261 848 1329 difficultas
880 1263 999 1344 oritur,
1032 1281 1103 1328 aum
1133 1269 1248 1328 contra
1278 1281 1372 1328 usum

144 1372 185 1437 ab
218 1371 367 1436 omnibus
402 1371 510 1452 poetis
540 1375 707 1436 servatum
744 1388 854 1436 omnes
890 1370 1019 1436 codices
1050 1370 1185 1436 tradant
1215 1369 1370 1436 Latinam

146 1477 296 1559 formam,
320 1496 417 1558 quam
441 1485 577 1560 propter
598 1497 708 1544 eorum
733 1477 874 1544 omnium
900 1496 1091 1544 consensum
1116 1477 1283 1560 corrigere
1306 1497 1371 1542 non

144 1603 244 1650 ausus
267 1603 348 1650 sum.

236 1729 265 1793 2.
291 1727 396 1794 Paulo
421 1727 605 1794 crebriores
630 1728 655 1793 ii
679 1728 742 1793 loci
767 1734 855 1809 sunt,
886 1727 1004 1808 quibus
1028 1733 1143 1810 poetae
1172 1745 1244 1792 cum
1268 1726 1372 1793 Grae-

143 1854 255 1900 oorum
287 1841 458 1916 poetarum
491 1835 643 1902 versibus
676 1835 873 1916 niterentur,
908 1835 1055 1902 Graecas
1086 1853 1213 1915 quoque
1247 1834 1370 1900 formas

142 1949 338 2023 receperunt
348 1941 381 2028 ¹).

233 2049 284 2114 De
313 2069 376 2116 uno
405 2049 479 2116 loco
508 2050 691 2118 huiusmodi
720 2049 860 2116 rationis
889 2047 1098 2134 Sniohotta²)
1130 2049 1269 2131 monuit,
1300 2068 1373 2114 cum

143 2157 285 2222 diceret:
321 2175 445 2240 „neque
474 2158 657 2223 errabimus
681 2157 849 2224 Ciceronis
879 2157 962 2222 illud
986 2157 1072 2237 quod
1100 2163 1150 2221 est
1180 2156 1214 2220 in
1239 2156 1372 2221 Arateis

143 2263 289 2349 (3513o):
359 2265 501 2348 Aiepoue
524 2265 711 2349 Meropeque
736 2263 867 2332 Gelam
894 2265 1086 2348 Toppeteque

357 2371 488 2438 Eleara
510 2372 717 2455 Asteropeque
739 2373 836 2438 arnul
861 2373 1062 2440 saueuemo
1086 2371 1183 2438 Maia

144 2505 249 2568 aeque
273 2493 371 2568 atque
394 2506 511 2554 versus
536 2487 725 2554 Germanici
751 2489 857 2570 (Aret.
876 2486 1028 2573 eoelum:

358 2605 485 2672 Electra
510 2604 705 2688 Alcyoneque
730 2603 921 2688 Oetaeaeque
943 2583 1132 2688 Meropeque

359 2711 570 2795 Asteropeque
592 2719 620 2778 et
644 2712 781 2796 Toppete
803 2719 831 2778 et
853 2712 951 2780 Maia
970 2719 1100 2795 parente

145 2849 185 2894 ex
198 2827 297 2894 Arati
313 2829 429 2910 phaen.
447 2849 478 2896 v.
492 2830 556 2894 262
564 2848 610 2909 sq.
629 2832 827 2895 verbotenus
844 2829 1069 2910 depromptum
1087 2847 1157 2894 esse
1173 2833 1369 2893 statuentes:

324 2941 479 3032 Ἀλκυόνη
504 2941 648 3033 Μερόπη
672 2969 708 3010 re
731 2941 884 3010 Κελαινώ
907 2941 935 3010 τ’
957 2941 1113 3032 Ἠλέκτρη
1136 2968 1173 3008 τε

325 3051 380 3117 καὶ
404 3049 556 3140 Στερόπη
580 3052 635 3118 καὶ
663 3050 807 3140 Τηυγὲτη
830 3051 885 3118 καὶ
909 3049 1030 3118 πότνια
1054 3053 1183 3118 Maia.“

232 3169 357 3234 Eadem
389 3187 489 3234 causa
520 3175 698 3236 commotus
728 3169 815 3236 idem
840 3169 1056 3236 Germanicus
1085 3175 1183 3251 poeta
1207 3169 1369 3234 Graecum

141 3274 380 3342 nominativum
408 3275 570 3357 pluralem
600 3275 739 3342 alterius
768 3275 1001 3342 declinationis
1029 3275 1216 3342 servavisse
1240 3275 1371 3342 videtur

141 3381 175 3447 in
200 3383 496 3464 phaenomenorum
521 3401 619 3450 versu
643 3384 702 3449 63:

357 3492 465 3557 oceani
487 3492 617 3558 tumidis
640 3493 763 3575 purae
779 3491 933 3574 fluetibus
956 3497 1067 3570 arctoe,

142 3617 237 3686 quem
261 3606 479 3673 assimilatum
504 3626 575 3674 esse
599 3614 739 3690 apparet
762 3609 884 3673 Aratco
909 3607 1025 3689 phaen.
1043 3607 1103 3672 48:

348 3720 483 3813 ’Ἀρκτοι
506 3721 645 3790 κυανέου
669 3720 920 3813 πεφυλαγμὲναι
943 3719 1117 3790 Ὠκεανοῖο.

232 3839 373 3906 Statium
398 3840 433 3905 in
452 3840 620 3907 Thebaide
644 3859 884 3920 nonnumquam
905 3840 1042 3907 Homeri
1066 3858 1181 3906 versus
1205 3838 1369 3904 imitatum

143 3967 216 4014 esse
232 3947 381 4014 nonnulli
397 3947 463 4014 loci
479 3951 703 4030 comprobant,
720 3968 800 4030 quos
818 3947 965 4014 afferam.
991 3949 1113 4016 Versus
1130 3947 1216 4012 enim
1229 3947 1276 4014 IV
1289 3947 1368 4011 285:

769 4117 775 4130 .
802 4117 808 4130 .
837 4118 843 4130 .
874 4039 1002 4150 aeriam
1025 4039 1103 4130 iero

357 4171 520 4256 Rhipeque
542 4179 570 4238 et
593 4172 710 4240 Stratie
731 4179 917 4256 vadosaque
940 4173 1035 4238 aona
1058 4171 1181 4253 Enispe

144 4289 297 4355 admonet
319 4289 359 4355 de
381 4288 518 4355 Homeri
542 4287 660 4355 Iliadis
684 4307 782 4356 versu
805 4289 833 4353 B
858 4288 940 4354 606:

143 4417 353 4426 ——.—..-.—-..

236 4487 254 4553 ¹)
273 4483 455 4539 Sniehotta
477 4483 494 4539 l.
509 4499 531 4538 c.
551 4499 576 4552 p.
590 4483 705 4538 54-57.

233 4575 254 4644 ¹)
274 4573 458 4628 Snielrotta
481 4574 498 4628 l.
513 4589 535 4628 e.
555 4589 579 4640 p.
594 4574 637 4629 56.

195 4715 345 4768 Zwlensr,
367 4716 400 4759 be
415 4725 500 4760 vocum
516 4715 667 4758 Graecarum
683 4725 728 4758 usu
